1874 2826
918 280 966 316 50

294 388 413 426 imber
451 391 490 425 et
528 391 734 434 tempestas
772 389 877 433 grato
908 388 977 424 sub
1002 389 1109 424 antro
1134 387 1375 424 Troianorum
1401 389 1533 425 ducem
1555 390 1595 424 et

294 455 475 493 Didonem
510 457 675 502 reginam
711 464 836 492 amore
873 455 1077 500 coniungit,
1112 455 1166 491 sic
1201 454 1293 490 dura
1329 455 1468 502 hiems,
1498 457 1595 492 nutu

293 524 394 561 Iovis
418 528 458 561 et
481 525 632 561 Iunonis
656 527 799 570 coorta,
826 525 932 561 cuius
951 519 1011 560 vis'
1023 525 1061 559 et
1076 524 1242 568 gravitas
1254 526 1480 567 exaggerata
1491 527 1592 568 sunt,

294 591 464 627 Iasonem
488 593 528 627 et
554 591 671 627 socios
696 591 834 627 Lemno
858 592 897 627 in
921 589 1043 627 insula
1063 598 1214 626 manere
1227 591 1267 625 et
1278 589 1394 626 amori
1405 589 1593 635 indulgere

294 659 410 705 cogit,
437 659 550 695 donec
575 659 792 705 Tirynthius
816 660 925 696 heros
948 659 1130 696 residibus
1154 658 1363 704 persuadet,
1388 659 1433 694 ut
1456 659 1594 695 animis

294 728 452 763 firmatis
484 728 615 772 ingens
652 729 788 764 iterent
825 737 972 772 aequor.
1011 727 1129 763 Simul
1161 737 1206 763 ac
1230 728 1437 772 tempestas
1462 736 1594 763 serena

292 795 445 840 arridet,
471 795 630 831 Hercule
653 799 803 832 auctore
828 795 1093 841 profectionem
1117 795 1238 839 parari
1262 794 1375 830 iussit
1394 794 1481 831 dux.
1495 793 1594 830 Vere

293 862 413 898 Iasoni
447 864 645 907 exprobrat
678 863 885 908 Hypsipyle
919 872 1006 899 eum
1031 864 1102 898 iter
1135 861 1335 898 accelerare
1360 871 1473 906 seque
1498 862 1594 898 hanc

293 939 436 966 moram
473 930 571 966 coelo
606 932 757 967 tantum
795 933 834 967 et
870 940 1021 967 cursum
1047 930 1293 967 retinentibus
1317 929 1426 966 undis
1449 929 1590 966 debere.

293 998 476 1033 Attamen
513 998 548 1033 ei
585 999 679 1034 dono
714 999 945 1044 chlamydem
979 999 1044 1035 dat
1080 1008 1149 1034 acu
1188 999 1326 1043 pictam
1360 1000 1400 1034 et
1423 1000 1591 1034 ornatam

294 1066 408 1102 variis
432 1066 569 1111 figuris.
597 1066 803 1102 332—427.

343 1134 415 1171 Sed
444 1135 636 1170 videamus
670 1144 741 1178 quo
767 1135 872 1171 modo
897 1135 1112 1179 Apollonius
1138 1135 1303 1171 Rhodius
1327 1136 1526 1171 nautarum
1550 1135 1587 1170 in

293 1202 414 1238 insula
437 1211 579 1238 moram
604 1202 766 1238 finxerit.
792 1202 891 1238 More
916 1203 1017 1246 epico
1042 1202 1162 1247 pergit
1182 1211 1331 1239 narrare
1344 1211 1364 1238 e
1377 1202 1591 1238 mulieribus

293 1279 406 1305 unam
431 1270 587 1306 missam
611 1279 693 1306 esse
720 1280 814 1314 quae
839 1271 1076 1315 Argonautas
1096 1271 1270 1307 certiores
1294 1271 1433 1307 faceret
1455 1271 1591 1316 Hypsi-

291 1337 401 1382 pylen
433 1336 596 1382 reginam
634 1337 672 1372 in
711 1339 841 1373 urbem
879 1347 943 1373 eos
964 1338 1136 1373 invitare.
1160 1337 1300 1374 Statim
1326 1338 1591 1375 intellexerunt

292 1414 421 1441 omnes
433 1405 666 1451 Hypsipylen
680 1406 816 1442 mortui
830 1406 1007 1442 Thoantis
1020 1407 1167 1442 unicam
1179 1407 1294 1443 filiam
1307 1407 1342 1443 ei
1354 1406 1587 1442 successisse.

291 1473 346 1509 At
381 1473 488 1509 Iason
522 1474 611 1509 deae
647 1474 834 1510 Minervae
872 1474 1028 1519 donum,
1067 1474 1212 1509 laenam
1236 1484 1456 1519 purpuream
1480 1475 1592 1511 fibula

293 1542 494 1583 subnectit,
513 1542 616 1577 vario
640 1552 730 1578 acus
755 1551 864 1586 opere
888 1544 1058 1577 ornatam
1088 1543 1212 1586 „cuius
1233 1542 1390 1578 diversis
1414 1541 1591 1587 picturis''

293 1609 413 1645 ornati
438 1610 653 1646 vestimenti
673 1610 955 1655 descriptionem
973 1609 1116 1646 variare
1138 1611 1293 1646 conatus
1305 1610 1476 1646 Valerius
1487 1609 1591 1655 Hyp-

293 1677 433 1722 sipyles
452 1678 588 1714 donum
614 1688 682 1714 acu
702 1679 845 1723 pictum
862 1679 973 1714 finxit
987 1677 1068 1714 Val.
1085 1678 1106 1713 2
1122 1691 1130 1711 ε
1145 1678 1349 1714 410—418.
1375 1678 1591 1723 splendenti

291 1745 422 1781 stellae
455 1746 603 1787 similis,
638 1756 749 1790 quam
783 1756 893 1791 super
926 1747 1014 1782 urbe
1027 1755 1176 1782 corusco
1202 1746 1341 1791 fulgore
1367 1746 1590 1782 emicantem

291 1813 425 1849 videns
457 1814 579 1858 puella
610 1815 769 1851 laetatur
799 1819 838 1851 et
862 1815 1046 1851 desiderat
1071 1824 1250 1859 sponsum
1274 1815 1399 1860 procul
1424 1825 1447 1851 a
1471 1815 1592 1859 patria

292 1880 491 1917 bellantem
513 1879 598 1927 (Ap.
621 1881 662 1916 1:
677 1881 901 1928 774—781),
923 1882 999 1918 dux
1019 1892 1042 1917 a
1055 1881 1164 1918 laetis
1177 1885 1217 1918 et
1229 1883 1450 1919 mirantibus
1462 1882 1592 1927 puellis

292 1949 455 1994 stipatus
487 1948 571 1994 ipse
597 1949 710 1985 oculis
735 1949 773 1985 in
799 1951 936 1986 terram
961 1950 1113 1992 defixis,
1139 1951 1268 1987 urbem
1293 1951 1421 1987 intrat.
1455 1949 1591 1994 Hypsi-

290 2017 375 2062 pyle
411 2025 527 2061 genas
563 2016 755 2052 rubefacta
792 2017 830 2051 in
866 2017 965 2060 regia
1002 2017 1109 2053 domo
1134 2026 1220 2053 eum
1245 2017 1443 2061 alloquitur
1467 2016 1591 2052 celans

289 2086 459 2132 caedem,
485 2094 580 2130 quae
605 2084 804 2121 commissa
829 2086 910 2120 erat
935 2084 973 2120 in
998 2085 1116 2121 viros:
1143 2085 1217 2122 noli
1241 2085 1375 2131 vereri,
1398 2085 1469 2130 ait,
1491 2084 1591 2120 intra

291 2154 435 2189 moenia
468 2153 623 2189 morari:
652 2161 782 2189 omnes
807 2153 907 2188 enim
934 2153 1037 2188 virile
1062 2162 1170 2189 secus
1197 2153 1337 2189 exclusi
1361 2154 1469 2197 sunt,
1493 2152 1589 2197 quod

291 2221 466 2257 uxoribus
487 2222 527 2257 et
539 2220 664 2257 liberis
677 2220 847 2265 genuinis
859 2220 1082 2264 contemptis
1094 2220 1366 2257 concubuerunt
1378 2220 1592 2257 mulieribus

291 2288 466 2332 captivis,
502 2289 739 2333 spuriamque
774 2287 913 2332 prolem
940 2296 987 2323 ex
1012 2288 1059 2323 iis
1080 2289 1243 2323 creatam
1268 2289 1418 2323 tantum
1441 2296 1591 2324 curave-

291 2356 397 2391 runt:
423 2364 490 2399 ego
514 2356 627 2400 igitur
650 2356 718 2391 tibi
742 2354 861 2399 patris
884 2364 1038 2399 regnum
1058 2354 1240 2390 traditura
1260 2364 1364 2390 sum:
1387 2355 1477 2390 haec
1489 2354 1589 2390 enim
