1874 2826
810 287 858 322 59

189 393 307 429 tinere
332 393 453 437 potuit
476 394 648 440 Flaccus,
685 403 757 439 quo
783 394 907 430 minus
933 393 978 429 de
1003 392 1173 428 Manibus
1197 399 1296 427 nova
1321 391 1362 426 et
1383 390 1485 430 inau-

187 460 285 505 dita,
311 470 405 505 quae
430 462 523 498 bono
547 471 661 498 sensu
684 463 873 503 carerent,
899 460 1088 506 proferret.
1115 459 1266 504 Mopsus
1288 458 1485 494 377—416

186 528 288 565 enim
311 528 478 566 Iasonem
502 530 608 566 docet
631 529 779 566 animae
804 529 1005 575 particulas
1029 538 1113 565 esse
1138 531 1273 564 natura
1297 527 1425 564 divina
1444 529 1486 563 et

186 597 404 634 immortali:
429 599 534 634 nefas
559 608 642 634 esse
667 608 892 643 quemquam
917 599 1125 634 interficere
1149 597 1320 633 alterum.
1347 596 1386 632 Si
1400 596 1485 641 quis

187 665 314 701 tamen
346 666 534 702 hominem
567 666 757 710 occiderit,
795 665 961 701 animam
999 664 1203 709 interfecti,
1238 664 1393 701 iniuriae
1425 673 1484 700 ac·

186 736 316 779 ceptae
342 743 546 770 memorem
570 734 675 777 queri
696 734 793 779 apud
818 734 957 770 iudices
980 734 1134 774 inferos.
1161 734 1224 778 qui
1249 734 1296 769 ad
1322 735 1482 777 terram,

187 802 298 839 Fun'a
333 802 469 838 comite
505 801 650 845 addita,
687 801 824 837 reverti
858 801 892 837 ei
930 801 1173 846 permittant,
1209 803 1253 837 ut
1289 801 1334 837 de
1367 801 1483 837 inter-

185 869 324 906 fectore
361 869 514 905 meritas
552 877 688 913 poenas
725 871 862 905 sumat.
901 869 939 905 Si
972 869 1056 913 quis
1089 878 1178 905 vero
1210 869 1350 905 inscius
1374 868 1481 905 alteri

187 938 347 973 mortem
371 937 555 981 intulerit,
590 937 688 972 hunc
714 946 782 973 sua
806 937 924 982 ipsius
948 937 1173 973 conscientia
1197 938 1300 982 angi,
1324 937 1481 973 eundem

185 1005 328 1051 piaculo
352 1004 464 1041 dolori
488 1013 597 1050 posse
622 1004 761 1041 mederi
786 1013 866 1042 suo.
1237 995 1239 997 ’

236 1073 402 1118 Wagner
437 1073 701 1109 animadvertit
739 1074 831 1117 „hoc
869 1073 1146 1117 philosophema
1183 1073 1484 1116 Argonautarum

184 1142 312 1177 aetate
352 1140 388 1186 1)
424 1141 552 1184 utique
588 1141 775 1176 recentius
813 1149 834 1176 e
871 1140 1026 1176 Platone
1057 1140 1235 1175 haustum
1260 1148 1362 1180 esse.
1387 1139 1484 1175 unde

184 1209 302 1246 etiam
325 1209 463 1246 rivulos
488 1209 682 1246 deduxerit
706 1209 892 1255 Vergilius
917 1210 1013 1246 Aen.
1036 1195 1322 1246 V1z724—755
1335 1210 1376 1245 et
1388 1208 1485 1254 Hey-

185 1278 290 1313 nium
315 1278 361 1313 ad
386 1287 536 1313 versum
562 1278 748 1321 imprimis
770 1278 841 1313 743
855 1277 1056 1313 videndum
1069 1286 1169 1317 esse,
1184 1277 1247 1320 qui
1260 1278 1300 1312 et
1312 1276 1484 1311 Flaccum

187 1344 335 1381 laudare
359 1353 432 1381 non
453 1343 653 1390 neglexit.'’
679 1343 822 1382 Versus
847 1344 929 1381 Val.
955 1344 1052 1381 Flac.
1078 1345 1101 1380 3
1128 1354 1137 1381 ε
1164 1344 1358 1381 378-382
1390 1354 1483 1389 „non

183 1412 218 1447 si
230 1412 398 1448 mortalia
410 1413 575 1448 membra
588 1413 817 1456 sortitusque
832 1414 962 1448 breves
975 1415 1014 1448 et
1027 1413 1132 1458 parvi
1146 1415 1314 1457 tempora
1326 1413 1394 1448 fati
1408 1422 1483 1456 per-

185 1479 357 1525 petimur,
382 1479 503 1516 socius
531 1479 655 1524 superi
682 1479 866 1524 quondam
879 1480 976 1525 ignis
989 1480 1148 1526 Olympi,
1162 1480 1220 1516 fas
1232 1480 1314 1517 ideo
1327 1480 1482 1516 miscere

186 1557 296 1584 neces
331 1548 497 1593 ferroque
536 1549 725 1584 morantes
760 1549 907 1593 exigere
941 1549 1025 1585 hinc
1062 1549 1209 1585 animas
1246 1549 1483 1593 redituraque

187 1616 332 1653 semina
367 1613 488 1653 coelo'’
527 1616 561 1662 2)
599 1616 645 1652 ad
677 1615 842 1652 Platonis
865 1616 1132 1662 philosophiam
1159 1619 1348 1663 spectare,
1374 1627 1484 1655 unus·

185 1685 343 1729 quisque
367 1685 480 1720 videt.
506 1685 692 1729 Vergilius
717 1685 741 1720 1.
756 1685 779 1720 1.
806 1685 995 1728 perspicue
1020 1685 1253 1729 Pythagorae
1278 1686 1415 1729 placita
1439 1687 1485 1721 de

184 1752 322 1788 animis
345 1753 430 1797 post
455 1753 614 1788 mortem
638 1752 685 1787 ab
709 1751 790 1787 aliis
815 1751 854 1787 in
878 1751 971 1787 alios
996 1752 1276 1788 transeuntibus
1288 1752 1485 1797 amplexus

184 1822 247 1856 est
270 1829 468 1865 eorumque
494 1821 643 1865 igneam
663 1820 841 1864 originem
867 1820 1069 1855 secundum
1093 1820 1286 1856 Platonem
1299 1821 1482 1865 exposuit.

185 1887 259 1923 Sed
292 1897 386 1932 quae
421 1890 628 1932 sequuntur
654 1891 739 1932 post
764 1896 917 1923 versum
942 1887 1013 1923 384
1040 1897 1116 1932 seq.
1142 1886 1281 1923 Valerii
1305 1896 1373 1923 nec
1397 1897 1483 1924 cum

185 1955 417 2000 Pythagorae
437 1955 673 1999 Platonisque
692 1955 839 2000 placitis
851 1965 970 2000 neque
984 1965 1070 1992 cum
1083 1955 1235 2000 Vergilii
1247 1955 1324 1991 loco
1336 1955 1483 1992 laudato

184 2023 386 2068 quidquam
398 2032 592 2059 commune
605 2023 753 2059 habent.
767 2024 895 2059 Manes
909 2024 956 2068 3),
970 2024 1103 2068 quibus
1117 2024 1267 2059 ianuam
1279 2023 1344 2060 leti
1356 2025 1482 2068 patere

230 2146 264 2189 1)
287 2148 331 2179 Ut
352 2148 486 2188 plurima
507 2148 589 2189 apud
611 2148 784 2180 Valerium!

228 2200 263 2240 2)
296 2200 402 2241 Pergit
434 2200 592 2233 Valerius:
628 2201 767 2242 «quippe
800 2211 855 2234 nec
889 2202 921 2234 in
952 2204 1057 2235 ventos
1079 2213 1134 2236 nec
1156 2204 1188 2236 in
1211 2204 1317 2236 ultima
1339 2202 1488 2235 solvimur

182 2262 266 2286 ossa:
289 2254 334 2285 ira
355 2255 458 2286 manet
477 2254 626 2295 duratque
636 2255 735 2293 dolor,
745 2267 760 2283 ιι
772 2251 884 2295 qhibus
896 2256 1034 2288 versibus
1045 2256 1219 2289 Lucretium
1229 2257 1338 2289 referre
1349 2257 1486 2288 conatur.

228 2307 262 2347 3)
286 2306 422 2339 «Omnes
440 2315 512 2339 suos
530 2307 637 2339 Manes
659 2308 816 2348 patimur»
840 2308 932 2349 Verg.
953 2309 1000 2341 VI
1023 2321 1030 2341 :
1055 2310 1129 2342 743.
1151 2310 1255 2341 Manes
1277 2310 1332 2341 hoc
1349 2309 1415 2341 loco
1426 2318 1488 2341 non

182 2368 250 2392 esse
281 2359 386 2391 Manes
419 2361 522 2391 nostra
544 2369 637 2391 manu
660 2369 815 2392 caesorum
837 2362 892 2393 sed
914 2371 980 2394 esse
1002 2363 1156 2395 hominum
1180 2363 1313 2403 ipsorum
1335 2363 1485 2401 indolem,
