1874 2826
905 307 950 344 51

284 412 384 447 terra
416 413 534 450 multo
564 414 716 451 fertilior
739 417 799 452 est
825 415 909 451 aliis
933 414 1073 460 Aegaei
1099 414 1214 455 maris
1238 414 1382 450 insulis,
1407 415 1582 451 Libenter

284 480 469 517 consentit
492 481 599 520 Iason
620 482 843 528 aliquamdiu
855 483 893 520 in
906 483 995 520 urbe
1008 492 1159 520 manere
1173 482 1237 519 sed
1248 481 1394 528 regium
1406 482 1581 520 honorem

282 552 447 595 recusat,
472 551 567 594 quod
591 551 682 587 dura
705 551 909 588 certamina
932 551 968 587 ei
992 551 1260 595 impedimenta
1283 553 1383 586 sunt.
1406 550 1485 594 Qua
1498 559 1581 585 sen-

281 616 401 653 tentia
435 617 576 663 ingenti
613 618 744 664 gaudio
776 619 902 656 audita
926 619 1099 655 mulieres
1123 619 1163 654 et
1189 607 1352 663 virgines
1378 626 1508 655 omnes
1532 617 1579 655 ad

281 684 370 721 litus
406 685 633 723 descendunt
670 687 866 733 hospitalia
889 688 984 724 dona
1007 687 1224 732 afferentes,
1254 689 1298 723 ut
1322 689 1516 723 arcessant
1538 687 1578 723 in

280 754 408 789 urbem
452 754 698 799 Argonautas.
735 754 817 791 Non
853 755 973 791 hieme
1010 755 1127 790 coacti
1163 754 1228 789 sed
1268 763 1393 790 amore
1430 754 1577 799 pellecti

279 823 429 865 tempus
465 823 611 866 terunt,
645 822 760 858 donec
783 822 962 858 Hercules
987 822 1181 866 increpans
1208 821 1353 857 itineris
1377 825 1418 858 et
1440 822 1576 859 laboris

278 888 448 932 suscepti·
461 888 561 924 viros
581 889 766 925 admonet.
792 888 869 925 Nec
888 888 1096 934 Hypsipyle
1117 888 1288 924 Iasonem
1299 889 1458 926 retinere
1471 890 1572 926 vult:

279 963 368 990 nam
394 964 442 991 ex
468 956 548 992 eius
571 965 633 993 ore
645 957 726 1001 ipso
738 958 959 1002 cognoverat
971 956 1006 993 ei
1018 965 1173 1001 magnos
1185 956 1326 993 labores
1336 957 1574 1001 perficiendos

279 1031 372 1057 esse.
397 1023 563 1060 Maerens
582 1025 816 1061 carissimum
840 1025 1017 1061 maritum
1041 1024 1163 1060 valere
1175 1024 1305 1060 iubens
1316 1024 1413 1069 petit
1426 1028 1492 1070 ‚ut
1504 1025 1573 1062 sibi

278 1090 496 1128 mandatum
531 1092 732 1139 relinquat,
763 1092 859 1138 quod
883 1092 1066 1139 perficiat,
1093 1093 1125 1130 si
1149 1092 1209 1129 Dii
1233 1093 1303 1130 sibi
1327 1095 1573 1131 concesserint

277 1162 323 1196 ut
341 1161 469 1205 pariat.
492 1162 746 1198 Admiratione
771 1165 811 1199 et
834 1172 960 1199 amore
983 1163 1059 1198 iam
1083 1165 1270 1207 postremo
1293 1163 1467 1206 amplexu
1491 1171 1574 1198 eam

276 1231 410 1265 tenens
434 1228 559 1273 Iason,
583 1230 667 1276 pius
691 1230 810 1277 filius,
835 1230 1053 1276 respondet:
1079 1230 1111 1266 si
1135 1229 1213 1267 fato
1238 1239 1312 1267 non
1343 1229 1573 1267 destinatum

278 1297 329 1332 sit
365 1306 405 1332 se
441 1298 480 1332 in
517 1299 674 1342 patriam
711 1299 868 1344 reverti,
904 1299 1022 1334 filium
1059 1298 1229 1334 adultum
1270 1298 1409 1333 Iolcum
1444 1299 1574 1334 mittat

277 1364 374 1408 patri
398 1366 438 1401 et
462 1365 573 1401 matri
592 1366 761 1403 orbitatis
781 1367 955 1404 solatium
979 1365 1025 1413 1).

325 1431 364 1468 Si
384 1433 692 1477 comparationem
704 1434 802 1470 inter
814 1433 1051 1479 Apollonium
1063 1436 1102 1470 et
1114 1433 1303 1470 Valerium
1318 1434 1570 1477 instituimus,

276 1499 406 1535 statim
414 1499 583 1536 videmus
588 1500 878 1537 Alexandrinum
888 1502 981 1537 hanc
990 1501 1255 1546 digressionem
1263 1501 1393 1537 multis
1400 1501 1571 1536 venustis

276 1571 316 1604 et
326 1567 455 1603 facetis
467 1569 576 1604 rebus
584 1569 783 1614 ornavisse‚
791 1569 924 1611 omnia,
931 1578 1026 1613 quae
1038 1568 1085 1604 ad
1097 1568 1297 1604 mulierum
1309 1569 1403 1604 iram
1415 1570 1455 1604 et
1467 1568 1572 1604 timo-

275 1643 354 1671 rem
380 1637 419 1671 et
441 1635 616 1680 gaudium
638 1636 869 1682 pertineant,
890 1636 1051 1673 veritate
1072 1639 1113 1673 et
1133 1639 1239 1681 grato
1251 1636 1373 1681 lepore
1386 1636 1570 1681 descripta

275 1711 377 1747 esse,
415 1703 570 1747 denique
606 1706 754 1749 poetam
786 1713 908 1740 rerum
938 1703 1073 1740 seriem
1111 1706 1192 1739 tam
1217 1703 1325 1748 plane
1350 1707 1391 1740 et
1415 1704 1569 1741 dilucide

275 1781 456 1817 narrasse,
482 1774 526 1808 ut
549 1772 653 1808 facile
678 1772 955 1808 meminerimus
979 1771 1093 1808 talem
1118 1771 1270 1807 caedem
1293 1773 1333 1808 et
1345 1772 1569 1810 connubium

275 1841 433 1885 tempori
469 1841 613 1885 propria
650 1849 752 1882 esse,
790 1849 861 1884 quo
894 1840 997 1876 bellis
1030 1843 1070 1875 et
1093 1839 1262 1884 gentium
1287 1840 1568 1884 migrationibus

242 1929 245 1932 ν
273 1909 447 1945 civitates
478 1910 648 1946 turbatae
681 1918 855 1954 persaepe
887 1908 1050 1954 spuriam
1087 1907 1225 1953 prolem
1251 1909 1382 1944 natam
1407 1908 1567 1944 viderint

274 1976 453 2013 adulterio
473 1986 632 2013 uxorum
648 1986 738 2013 ‘cum
750 1978 868 2013 servis
880 1979 947 2013 aut
958 1976 1111 2012 advenis
1123 1976 1229 2011 facto.
1253 1975 1426 2011 Valerius
1437 1978 1565 2011 autem

273 2045 526 2081 interventum
559 2045 710 2081 deorum
743 2045 891 2082 inanem
920 2045 1102 2090 nimisque
1126 2043 1354 2088 exquisitum
1378 2043 1563 2086 adhibuit,

273 2112 419 2157 longam
451 2116 492 2150 et
522 2113 628 2158 plane
661 2113 830 2150 inutilem
863 2113 1128 2159 digressionem
1156 2113 1200 2149 de
1232 2112 1341 2148 caede
1366 2112 1565 2148 mulierum

272 2180 513 2226 interposuit,
550 2190 662 2225 quam
697 2184 784 2226 post
820 2182 1119 2227 Argonautarum
1154 2180 1356 2216 adventum
1388 2179 1566 2217 Lemniae

272 2246 444 2283 mulieres
479 2257 527 2283 ne
559 2248 676 2284 celare
709 2249 857 2292 quidem
881 2251 1034 2285 conatae
1060 2251 1150 2285 sunt
1174 2248 1278 2292 quasi
1302 2247 1401 2283 nullo
1427 2248 1565 2284 scelere

314 2334 345 2371 1)
379 2333 520 2366 Valerius
554 2337 570 2365 1
597 2346 605 2366 :
628 2334 694 2366 824
718 2335 849 2367 alterum
870 2344 988 2376 quoque
1009 2335 1108 2367 filium
1130 2335 1339 2366 commemorat
1360 2335 1397 2365 ut
1417 2334 1565 2374 posterior

268 2377 505 2417 mythographus
527 2386 644 2418 semper
665 2387 771 2411 ornare
792 2380 823 2411 et
843 2388 954 2419 augere
975 2380 1187 2419 argumentum
1209 2377 1294 2410 solet.
