1874 2826
845 290 891 325 75

219 394 260 429 ³¹³
291 395 572 439 geographicum
604 399 754 440 poetam
777 406 930 441 asperae
953 399 993 433 et
1017 397 1208 433 horrificae
1232 398 1390 431 naturae
1414 404 1520 439 gran-

219 460 305 496 dem
347 463 611 500 amoenitatem
657 464 746 501 bene
783 465 947 501 sensisse
983 464 1173 506 videmus,
1216 473 1303 500 cum
1350 462 1522 500 Valerius

219 529 370 566 Flaccus
393 532 490 567 idem
515 534 665 568 tantum
690 542 763 568 uno
786 542 899 568 versu
924 535 969 569 5:
986 535 1031 569 73
1059 532 1424 572 commemoraverit,
1452 540 1521 566 nec

218 596 342 634 minus
366 607 468 635 mora
492 599 530 636 in
554 608 666 645 regno
690 599 779 645 Lyci
802 600 919 646 facta,
945 601 1007 637 ubi
1028 600 1156 637 Idmon
1178 602 1218 637 et
1237 600 1378 646 Tiphys
1399 600 1519 635 morte

219 666 315 710 rapti
327 670 417 703 sunt
431 668 478 712 1),
493 669 726 704 Amazonum
736 667 785 714 2),
800 668 1017 714 Chalybum,
1026 669 1361 713 Mossmoecorum,
1375 668 1519 704 insulae

217 733 387 777 Aretiae‚
420 734 573 770 Caucasi
605 734 819 780 descriptio,
853 736 1030 781 appulsus
1060 736 1096 772 in
1123 736 1330 772 Colchidem
1355 738 1396 772 et
1420 735 1518 772 situs

218 801 381 838 locorum
412 802 492 846 ipse
523 801 714 846 perspicue
747 805 787 838 et
820 804 986 839 suaviter
1018 803 1235 848 explicatus.
1268 804 1368 848 Quae
1392 804 1518 839 omnia

218 878 352 915 magno
375 870 497 906 labore
521 871 562 905 et
580 868 703 905 studio
720 869 927 914 conquisita
946 869 1088 914 poetico
1108 870 1291 915 Apollonii
1309 871 1455 916 ingenio
1475 871 1517 907 et

219 940 418 974 venustate
441 941 551 974 aucta
574 940 776 982 ornataque
800 939 891 973 sunt
916 938 1046 974 multis
1065 939 1176 974 rebus
1195 948 1268 974 non
1289 939 1414 983 magni
1426 947 1515 974 sane

218 1006 398 1043 momenti
422 1006 488 1041 sed
509 1006 642 1050 quibus
655 1005 764 1041 navis
776 1004 976 1049 stationes,
999 1005 1088 1041 coeli
1101 1006 1317 1050 temperiem
1328 1032 1337 1050 ,
1353 1014 1452 1041 mare
1467 1004 1515 1051 3),

219 1075 373 1115 ventos,
406 1074 529 1109 omnia
553 1082 647 1117 quae
672 1072 719 1108 ad
744 1073 815 1108 iter
840 1071 1070 1108 maritimum
1095 1072 1302 1117 pertinent,
1327 1074 1407 1108 arte
1431 1081 1517 1116 qua-

217 1141 305 1176 dam
326 1143 432 1184 grata
451 1143 491 1176 et
502 1141 606 1184 copia
618 1139 817 1176 Homerica
828 1139 1023 1184 descripsit
1035 1139 1262 1184 Apollonius.
1288 1138 1518 1182 Quamquam

218 1217 292 1244 non
323 1217 416 1252 nego
441 1209 531 1243 haec
555 1207 681 1243 omnia
706 1206 744 1253 4)
768 1206 967 1242 admodum
992 1206 1246 1243 Alexandrina
1270 1215 1352 1242 esse
1376 1206 1519 1251 Apollo-

218 1276 304 1313 nius
329 1276 491 1319 ratione,
515 1284 587 1320 qua
612 1275 659 1311 ad
684 1275 775 1311 haec
800 1275 983 1311 narranda
1006 1284 1100 1311 usus
1124 1277 1184 1311 est
1205 1273 1333 1310 Phinei
1345 1274 1519 1310 vaticinio

217 1345 338 1381 fusius
374 1346 600 1389 pertractato
637 1345 677 1379 et
712 1343 940 1379 amoenitate
973 1345 1129 1380 naturae
1154 1343 1357 1388 descripta,
1382 1342 1518 1378 maiore

216 1412 323 1448 iaude
348 1412 481 1457 dignus
505 1413 566 1447 est
589 1420 702 1456 quam
728 1420 798 1447 usu
824 1411 879 1447 fit.

265 1481 449 1516 Attamen
473 1489 546 1516 non
571 1482 652 1515 tam
664 1480 710 1515 ob
723 1488 785 1522 ea,
810 1488 905 1524 quae
917 1479 1014 1522 dixi,
1027 1479 1246 1524 Apononius
1257 1478 1519 1524 praeferendus

212 1549 278 1583 'est
302 1546 450 1583 Valerio
474 1556 586 1592 quam
612 1547 707 1592 quod
732 1547 771 1583 in
795 1547 1071 1592 hac-regionum
1083 1547 1360 1583 enumeratione
1373 1546 1518 1582 invenit

216 1614 419 1659 rationem,
465 1624 538 1659 qua
582 1615 821 1660 Argonautas
862 1614 1020 1660 hospitio
1063 1616 1233 1659 excipere
1271 1616 1412 1651 Aeetes
1451 1623 1518 1651 rex

217 1682 469 1719 ferocissimus
492 1683 675 1728 obligatus
700 1683 762 1719 sit.
787 1683 1003 1729 Apollonius
1028 1684 1128 1719 enim
1155 1683 1213 1719 11:
1232 1683 1325 1720 1030
1349 1693 1403 1729 sq.
1426 1683 1518 1720 diffi-

216 1749 324 1785 cilem
361 1750 662 1795 Argonautarum
693 1750 889 1796 appulsum
922 1750 968 1786 ad
993 1751 1155 1787 insulam
1181 1752 1355 1787 Aretiam
1380 1753 1516 1788 narrat.

260 1841 293 1882 1)
322 1842 468 1874 Versibus
491 1842 667 1874 815—835
688 1842 869 1883 Apollonius
891 1843 981 1883 longe
1002 1841 1216 1875 anteferendus
1238 1845 1285 1875 est
1308 1844 1444 1881 Valerio,
1467 1843 1520 1884 qui

215 1900 342 1932 Idmona
363 1909 482 1941 quoque
504 1901 606 1933 morbo
629 1900 738 1933 obiisse
759 1899 856 1932 finxit.

257 1958 325 1991 Hoc
352 1968 471 1999 quoque
502 1959 566 1991 loco
599 1958 800 1999 Apollodorus
833 1958 979 1991 Biblioth.
1017 1959 1033 1990 l
1059 1970 1067 1991 z
1091 1959 1111 1991 9
1135 1971 1143 1991 :
1167 1959 1209 1992 23
1233 1971 1240 1991 :
1266 1959 1283 1990 1
1318 1960 1392 1992 bene
1424 1959 1519 2000 Apol-

213 2017 330 2049 lonium
351 2020 473 2050 secutus
494 2017 612 2049 diversa
636 2017 701 2049 fata
722 2017 849 2049 duorum
872 2018 1118 2058 Argonautarum
1140 2018 1284 2050 narravit.

258 2077 464 2109 Successorem
496 2076 621 2117 Tiphyis
643 2076 799 2108 Ancaeum
821 2076 1020 2117 Apollonius,
1043 2077 1184 2110 Valerius
1202 2076 1350 2118 Erginum
1372 2076 1518 2109 nominat.

259 2133 294 2177 2)
329 2135 410 2172 Quas
450 2144 549 2175 nugas
589 2135 698 2175 dignas
729 2144 806 2175 quas
850 2137 989 2175 caneret,
1022 2136 1163 2167 Valerius
1195 2135 1360 2176 putaverit,
1393 2136 1519 2175 apparet

213 2193 242 2224 V
265 2203 273 2224 :
298 2191 506 2231 136—139l,
528 2202 605 2234 quae
627 2192 728 2225 omnia
745 2194 777 2224 et
786 2194 891 2233 poetae
905 2193 1061 2234 ingenium
1073 2195 1104 2225 et
1115 2193 1223 2226 aetatis
1234 2193 1367 2226 studium
1378 2192 1518 2233 produnt.

258 2251 293 2292 3)
326 2251 477 2292 Inspicias
516 2261 635 2292 quoque
667 2252 804 2292 egregios
836 2252 992 2292 Apollonii
1015 2261 1130 2284 versus
1164 2252 1208 2283 IV
1241 2263 1249 2283 ι
1282 2251 1457 2284 922-963
1488 2254 1521 2285 et

212 2310 316 2351 Apoll.
338 2310 412 2342 bibl.
438 2309 454 2340 l
479 2321 486 2342 :
511 2310 531 2341 9
557 2321 565 2341 τ
588 2310 630 2342 25
655 2321 663 2342 :
686 2310 707 2342 2
730 2310 780 2350 (de
801 2311 908 2351 fumo).

255 2369 290 2410 4)
312 2368 413 2409 Apoll.
439 2368 474 2400 ΙΙ
497 2380 504 2400 :
528 2367 595 2401 537
617 2368 656 2401 ad
679 2368 771 2401 finem
793 2371 824 2402 et
843 2369 958 2402 Valerii
982 2369 1027 2401 IV
1050 2381 1057 2401 :
1082 2368 1145 2401 702
1168 2369 1207 2401 ad
1229 2369 1257 2401 V
1280 2380 1287 2401 :
1311 2368 1387 2401 217.
