1874 2826
958 279 1005 315 62

332 388 518 422 armatam
555 386 712 422 iuvenes
745 388 853 423 scuta
888 387 1040 423 ensibus
1065 387 1257 432 pulsantes
1282 387 1322 425 in
1346 389 1436 427 deae
1459 392 1635 429 honorem

332 454 492 496 saltant,
530 456 574 491 ut
611 463 675 498 per
713 456 839 491 aerem
877 456 1078 492 evanescat
1115 455 1252 492 clamor
1285 456 1489 503 infaustuS,
1522 470 1633 506 quem

333 523 532 560 etiamtum
577 522 733 568 populus
773 524 821 560 ad
866 524 1064 569 exsequias
1100 524 1198 569 regis
1234 524 1433 562 emittebat
1470 526 1519 574 1).
1555 528 1634 565 Dea

333 592 477 636 placata
513 593 723 628 monstrum
757 592 942 638 ostendit,
974 592 1071 636 quod
1105 602 1294 628 summam
1325 592 1478 629 deorum
1502 594 1633 633 Matris

331 660 558 703 potestatem
583 658 764 694 illustrat:
790 659 938 695 arbores
962 659 1106 695 fructus
1130 659 1282 696 fundere
1302 660 1525 707 uberrimos,
1538 663 1634 699 circa

331 725 443 771 pedes
480 729 613 771 sponte
651 736 719 763 sua
756 727 863 763 edere
896 729 995 763 terra
1023 727 1150 770 flores,
1177 727 1276 764 ferae
1301 737 1445 773 quoque
1469 728 1632 766 latibulis

329 794 467 830 relictis
492 795 722 832 blandientes
742 795 870 832 caudis
886 795 1080 841 advenire,
1093 805 1208 840 aqua,
1221 805 1294 840 qua
1305 805 1509 840 numquam
1521 798 1633 833 antea

328 862 558 899 redundabat
581 863 829 908 Dindymum,
856 863 956 899 arido
981 873 1002 899 e
1028 864 1168 900 vertice
1192 865 1345 900 scatere.

365 931 582 975 Apollonius
594 932 707 977 igitur
719 931 826 967 laude
839 931 1081 976 dignissimus
1093 933 1163 974 est,
1172 931 1235 975 qui
1243 931 1394 967 caedem
1402 931 1499 976 regis
1509 931 1631 977 Cyzici

329 1006 437 1033 caeco
461 1000 502 1033 et
520 998 611 1033 duro
631 998 708 1034 fato
720 998 903 1044 debitam,
916 1001 957 1035 et
969 1008 1133 1044 pugnam
1145 1000 1364 1034 nocturnam
1375 998 1539 1034 breviter
1550 998 1636 1043 qui--

329 1066 415 1102 dem
436 1066 500 1102 sed
522 1076 607 1103 cum
631 1067 790 1111 pondere
810 1067 1026 1112 descripsit,
1048 1066 1177 1103 deinde
1199 1066 1295 1110 quod
1306 1066 1543 1110 Argonautas
1555 1075 1629 1102 non

329 1133 452 1170 inutili
468 1134 571 1170 luctu
594 1143 698 1179 spem
723 1134 893 1170 amisisse
918 1134 983 1170 sed
1006 1134 1169 1176 fortiter,
1194 1135 1237 1169 ut
1256 1134 1363 1170 decet
1381 1133 1496 1170 fortes
1507 1133 1626 1177 virne,

329 1200 520 1247 ingentem
537 1202 696 1238 dolorem
714 1202 847 1239 tulisse
860 1203 981 1239 finxit.
1003 1202 1105 1247 Quod
1120 1201 1265 1248 Cybelis
1276 1201 1420 1238 cultum
1432 1201 1629 1238 saltatione

327 1273 557 1306 armatorum
590 1274 630 1306 et
662 1273 829 1314 ostento,
863 1272 970 1316 quale
995 1273 1128 1307 natura
1152 1271 1358 1306 exuberans
1382 1269 1490 1306 edere
1514 1269 1627 1315 solet,

326 1340 481 1374 auctum
507 1341 547 1374 et
570 1340 744 1374 ornatum
768 1339 926 1375 inseruit
937 1339 1169 1383 Apollonius,
1191 1338 1325 1373 melius
1337 1347 1417 1373 rem
1430 1347 1538 1373 suam
1550 1337 1629 1382 egit

327 1414 440 1449 quam
473 1404 666 1450 Valerius,
692 1406 755 1450 qui
780 1415 850 1442 sua
873 1406 919 1442 de
943 1405 1110 1442 Manibus
1134 1409 1174 1442 et
1198 1405 1318 1442 Furiis
1341 1407 1431 1442 nota
1455 1405 1515 1441 vel
1539 1405 1627 1441 ficta

326 1473 625 1518 philosophorum
675 1474 873 1511 subtilibus
917 1477 957 1510 et
1003 1474 1174 1519 implexis
1219 1474 1365 1519 placitis
1404 1473 1626 1510 obscuravit.

328 1542 488 1588 Cybelen
533 1545 682 1588 autem,
733 1542 839 1579 cuius
886 1542 924 1578 in
963 1542 1136 1588 Cyzicum
1173 1543 1227 1578 ira
1264 1551 1376 1578 causa
1413 1542 1485 1578 fuit
1521 1541 1625 1588 impii

327 1611 452 1654 proelii
489 1611 680 1655 nocturni,
718 1620 765 1645 ne
798 1620 871 1646 uno
909 1611 1056 1654 quidem
1079 1612 1190 1646 verbo
1213 1613 1343 1655 postea
1367 1619 1624 1646 commemora-

328 1678 386 1715 vit
431 1677 621 1724 Valerius,
668 1687 894 1723 quamquam
937 1678 1132 1723 Apollonii,
1171 1688 1281 1724 quem
1318 1677 1485 1715 maxima
1520 1680 1626 1723 parte

327 1747 501 1783 imitatus
538 1750 616 1792 est,
655 1747 905 1791 Argonautica
942 1747 1052 1782 huius
1085 1747 1175 1783 deae
1209 1750 1382 1783 naturam
1419 1748 1459 1782 et
1483 1746 1625 1782 cultum

326 1815 509 1860 copiosius
545 1814 752 1851 illustrandi
789 1814 1015 1850 occasionem
1052 1814 1086 1850 ei
1123 1815 1382 1860 praebuerunt.
1430 1814 1625 1851 Praeterea

325 1884 498 1928 lectores,
535 1884 643 1928 longa
681 1892 873 1919 caesorum
910 1883 1004 1918 serie
1037 1883 1238 1919 evolvenda
1269 1883 1403 1928 fatigat
1435 1883 1624 1925 Valerius,

325 1961 411 1988 cum
448 1951 666 1997 Apollonius
698 1950 849 1986 tantum
881 1950 1091 1995 955—957,
1127 1951 1214 1996 988,
1243 1950 1502 1996 1070-1078,
1529 1950 1624 1987 1139

324 2021 383 2056 sui
395 2019 574 2065 temporis
585 2019 709 2055 studio
721 2028 841 2063 nugas
852 2018 1054 2063 proferendi
1066 2019 1266 2055 narrationi
1278 2019 1404 2064 epicae
1415 2018 1623 2054 inseruerit.

367 2130 400 2171 1)
422 2130 605 2171 Apollonius
627 2129 684 2162 hoc
706 2129 771 2161 loco
792 2129 964 2170 pyrricham
986 2138 1040 2161 suo
1062 2130 1148 2162 modo
1171 2130 1310 2171 explicat.
1334 2130 1373 2162 cf.
1386 2130 1626 2171 MahaffyGreek

321 2189 374 2220 life
403 2189 462 2220 and
496 2189 605 2229 thougt
635 2188 671 2220 H
700 2197 771 2228 pag.
794 2186 870 2219 241.
899 2187 1116 2228 Mythological
1137 2188 1260 2226 storias,
1282 2188 1474 2229 explanation
1496 2189 1530 2221 of
1547 2189 1624 2221 looel

321 2247 422 2289 myths
443 2247 503 2280 and
524 2249 658 2280 customs
679 2255 757 2279 were
777 2245 829 2279 the
851 2245 934 2279 chief
952 2245 1084 2287 subjects
1106 2246 1204 2280 aimed
1233 2248 1266 2279 at
1287 2247 1326 2288 by
1347 2247 1398 2280 the
1418 2247 1624 2280 Alexandrian

321 2307 416 2347 elegy.
451 2307 575 2339 Talibus
608 2306 694 2339 vitiis
728 2305 910 2346 Apollonius
942 2314 1002 2337 non
1024 2305 1111 2337 valde
1132 2306 1248 2338 laborat
1269 2306 1302 2338 in
1323 2307 1464 2351 plurimis
1486 2306 1625 2348 partibus

321 2365 443 2405 optimis
466 2366 618 2397 caminis.
