1874 2826
890 282 939 321 83

270 388 349 425 tem
360 389 531 435 ingerens
542 391 576 428 ei
588 390 733 428 crimini
745 391 828 438 dat,
851 391 946 437 quod
959 393 1120 428 matrem
1132 389 1363 435 Argonautis
1373 389 1565 431 faventem

269 456 431 496 offendit.
456 458 534 505 Qua
554 469 665 497 causa
684 470 707 497 a
727 460 951 498 Gmcorum
970 461 1078 506 parte
1087 461 1166 496 stet
1190 460 1258 496 aut
1269 467 1342 504 quo
1354 457 1435 495 iure
1445 457 1569 494 vellus

270 525 378 561 sociis
398 526 577 571 vindicet,
599 537 672 564 non
694 528 848 573 exponit
864 528 1049 572 Minerva,
1075 527 1164 563 dum
1185 526 1337 571 Perses,
1363 525 1453 561 deae
1472 524 1567 560 invi-

270 603 350 638 sus,
375 603 487 639 quem
510 595 609 632 Mars
632 595 733 641 ipse,
758 596 818 632 cui
842 595 963 632 vellus
987 605 1134 632 sacrum
1159 597 1239 638 est,
1264 594 1461 648 adiuturus
1484 595 1565 637 est,

268 662 455 699 sacerdote
479 665 628 699 auctore
647 664 793 700 Aeeten
816 664 988 699 hortatus
1008 666 1069 700 est
1088 666 1133 700 ut
1155 663 1268 700 fatale
1281 662 1402 698 vellus
1414 661 1566 697 Graecis

267 730 360 768 dono
382 730 497 768 daret.
519 730 654 768 Mirum
673 740 818 776 quoque
831 733 891 768 est
903 731 999 777 quod
1011 731 1176 768 Minerva
1189 731 1273 769 belli
1286 740 1438 768 causam
1451 729 1563 766 Marti

267 800 479 845 exprobrat,
512 808 599 835 cum
631 799 731 835 nullo
762 799 914 835 deorum
945 800 1159 836 interventu
1190 800 1321 836 Perses
1346 799 1385 834 in
1409 798 1563 835 exilium

268 867 409 904 eiectus
431 866 568 903 bellum
595 865 765 902 moverit.

317 934 493 970 Precatur
517 934 647 970 deinde
671 933 799 969 Iovem
822 934 1004 980 Minerva,
1032 936 1103 971 666
1124 944 1218 980 seq.:

706 1000 753 1037 da
776 1001 929 1048 vellera,
954 1004 1093 1048 rector,

414 1072 453 1106 et
478 1069 597 1106 medio
621 1078 691 1105 nos
715 1077 822 1105 cerne
847 1070 951 1106 mari.
977 1070 1078 1115 Quod
1104 1071 1162 1107 sin
1188 1080 1233 1107 ea
1256 1071 1404 1107 Mavors

414 1138 572 1183 abnegat
595 1139 636 1174 et
660 1136 761 1174 solus
784 1138 921 1174 nostris
945 1138 1137 1175 sudoribus
1165 1138 1200 1184 l)
1225 1139 1371 1182 obstat,

414 1206 550 1243 ibimus
573 1206 763 1245 indecores
785 1205 992 1251 frustraque
1017 1208 1075 1244 tot
1099 1216 1257 1252 aequora
1281 1207 1442 1243 vectae?

316 1274 371 1310 At
394 1274 558 1319 Iuppiter
582 1273 778 1309 intercedit
802 1275 842 1309 et
864 1283 997 1319 magna
1020 1274 1059 1310 vi
1083 1274 1249 1319 deposcit
1273 1283 1321 1309 ne
1345 1274 1477 1310 Perses
1502 1274 1561 1310 de·

268 1342 439 1378 vincatur
474 1350 594 1386 neque
631 1350 730 1377 vana
762 1342 925 1377 retentet
956 1350 1042 1387 spes
1075 1340 1223 1386 Minyas
1253 1341 1415 1378 finemve
1441 1342 1577 1387 velint

267 1410 453 1454 imponere
485 1408 598 1444 bello:
634 1409 674 1444 in
711 1408 802 1444 fatis
832 1408 933 1444 enim
956 1417 1038 1444 esse
1061 1408 1205 1444 Aeeten
1230 1418 1254 1445 a
1279 1409 1392 1445 Perse
1416 1409 1561 1446 victum

267 1477 434 1513 Medeam
472 1486 492 1512 e
516 1475 668 1512 Graecia
691 1476 911 1512 redeuntem
934 1476 972 1511 in
991 1470 1149 1521 ‘regnum
1174 1476 1440 1513 restituturam
1465 1486 1559 1513 esse.

267 1545 321 1581 De
349 1545 418 1581 hac
442 1544 594 1580 deorum
618 1544 791 1580 concione
814 1543 1103 1580 animadvertere
1127 1543 1241 1580 velim
1266 1543 1389 1580 Solem
1413 1546 1560 1589 patrem

267 1613 447 1658 Aeetem,
472 1612 536 1657 qui
560 1612 599 1647 in
624 1612 776 1647 tantum
800 1611 996 1648 discrimen
1020 1612 1200 1648 venturus
1217 1611 1296 1657 sit,
1318 1620 1392 1648 non
1412 1612 1562 1649 iamde-

267 1679 426 1716 fendere.
471 1679 515 1715 In
552 1679 691 1716 Valerii
729 1678 891 1716 carmine
927 1679 1113 1716 coelicolae
1149 1679 1293 1725 proprie
1330 1681 1484 1717 umbrae
1520 1681 1561 1717 et

267 1757 397 1785 manes
426 1748 567 1793 priscae
590 1747 802 1793 dignitatis,
829 1747 909 1785 sine
935 1748 1007 1785 uilo
1032 1749 1154 1793 vigore
1179 1750 1218 1785 et
1242 1749 1486 1794 auctoritate,
1513 1759 1560 1786 ne

267 1826 355 1852 suas
388 1816 536 1861 quidem
572 1824 703 1852 causas
728 1814 922 1852 defendere
947 1816 1091 1861 valent,
1117 1817 1159 1851 ut
1184 1814 1381 1860 Neptunus
1406 1817 1445 1852 in
1470 1817 1559 1853 libro

266 1884 385 1929 primo
410 1885 450 1920 et
474 1883 535 1920 Sol
559 1884 597 1920 in
622 1883 692 1919 hac
715 1883 906 1921 concione:
931 1883 1008 1921 fato
1032 1886 1072 1921 et
1094 1883 1191 1920 Iovis
1210 1883 1361 1920 arbitrio
1383 1884 1558 1921 subiectis

267 1953 358 1989 nihil
383 1952 499 1989 divini
523 1962 643 1997 neque
667 1952 821 1989 humani
846 1956 1017 1998 superest
1040 1952 1111 1989 nisi
1135 1952 1189 1988 ira
1214 1953 1254 1987 et
1279 1951 1432 1988 fallacia.

313 2019 357 2055 In
390 2021 458 2056 hoc
485 2020 598 2065 igitur
621 2019 751 2064 quinto
775 2019 867 2056 libro
890 2018 1060 2056 Valerius
1085 2019 1228 2065 partem
1250 2018 1406 2064 itineris,
1432 2020 1558 2064 appul-

266 2097 351 2124 sum
387 2088 426 2125 in
462 2087 689 2130 Colchidem,
725 2087 886 2132 primum
921 2088 1069 2128 Iasonis,
1086 2090 1126 2125 et
1149 2086 1297 2123 Medeae
1321 2096 1555 2129 concursum,

309 2215 341 2255 1)
363 2215 487 2248 Insulsa
509 2215 638 2248 imitatio
660 2215 768 2248 Iliadis
790 2215 810 2247 2
833 2227 842 2248 :
865 2214 1050 2248 388-390.

533 2271 639 2306 ἱδρύσει
658 2271 709 2306 μέν
726 2281 779 2299 τεν
796 2272 927 2306 naasthan
945 2271 1019 2306 ὶμφῒ
1037 2270 1190 2303 στήθεσσιν

534 2321 650 2355 aaran:
668 2322 858 2359 ἀμφιβρότης,
877 2322 941 2358 περὶ
958 2321 1073 2358 mma
1090 2323 1174 2357 χεῖρα
1192 2321 1326 2355 καμεῖται

532 2372 637 2407 &pam
656 2372 687 2401 δέ
704 2383 757 2402 τεν
773 2374 858 2406 ἵππος
875 2372 967 2409 ἐΰξοον
984 2373 1058 2408 ἅρμα
1075 2375 1213 2400 τιταίνων.
