1874 2826
904 278 952 314 66

273 393 433 430 eumque
447 387 536 431 apta
548 387 587 422 et
600 385 653 422 rei
665 384 941 421 accommodata
953 384 1094 421 afferre.
1121 383 1269 421 Ventus
1282 385 1383 421 enim
1395 386 1576 423 adversus

273 454 424 491 Herculi
449 455 628 498 optimam
661 453 888 489 occasionem
913 453 1014 490 dedit
1037 453 1137 489 vires
1162 453 1323 489 iactandi
1347 455 1413 490 sed
1437 457 1576 492 ventus

274 522 459 559 secundus
487 523 596 558 nocte
629 521 752 567 ortuS,
786 529 858 565 quo
891 520 963 558 frui
987 522 1185 566 properant
1210 523 1365 567 nautae,
1391 523 1431 558 et
1455 524 1575 560 noctis

273 591 427 626 umbrae
451 589 630 625 sociorum
655 589 795 625 crimen
816 588 1039 625 diminuunt.
1061 588 1147 624 Mox
1167 589 1271 633 gravi
1283 589 1494 625 calamitate
1506 592 1578 627 sub

275 658 363 695 solis
393 660 516 694 ortum
540 643 728 703 patefacta
751 657 859 694 fortis
882 657 1056 694 Telamon
1081 656 1203 694 Iasoni
1227 657 1298 703 ipsi
1322 657 1577 703 obstupefacto

275 726 516 763 convitiatur:
537 726 641 763 ducis
666 726 784 771 ipsius
809 727 915 772 culpa
938 726 1006 762 hoc
1031 726 1172 763 factum
1196 735 1299 768 esse,
1325 726 1389 771 qui
1415 726 1573 771 veritus,

274 803 321 829 ne
346 793 526 829 Hercules
548 803 698 830 omnem
726 794 877 839 gloriam
903 795 948 830 ob
972 795 1119 830 salvum
1144 794 1305 830 reditum
1329 797 1369 830 et
1393 795 1438 830 ob
1458 790 1577 830 vellus

274 864 463 907 receptum
484 862 522 898 in
545 872 585 898 se
606 863 749 907 trahat,
772 863 914 899 socium
932 862 1099 899 omnium
1111 863 1355 900 fortissimum
1367 862 1574 908 reliquerit,

274 939 387 973 seque
400 931 639 975 Argonautas
651 931 885 967 deserturum
898 940 981 966 esse
993 931 1166 967 minatur.
1200 930 1277 975 Quo
1290 930 1414 966 minus
1426 932 1577 966 vertant

274 1008 448 1044 puppem,
474 999 682 1045 impediunt
706 999 785 1036 suis
805 999 945 1036 viribus
966 998 1175 1035 iactabundi
1195 999 1332 1035 Boreae
1351 997 1416 1035 filii
1434 998 1575 1045 (postea

275 1076 413 1111 poenas
426 1076 490 1111 pro
502 1076 546 1102 ea
558 1067 711 1103 audacia
723 1067 859 1111 daturi)
874 1069 914 1102 et
926 1067 1055 1102 Glauci
1073 1067 1290 1103 vaticinium
1303 1068 1489 1102 monentis
1500 1067 1579 1103 fato

276 1135 494 1180 Herculem,
520 1135 583 1179 qui
616 1135 798 1171 laboribus
823 1135 918 1181 regis
942 1135 1142 1180 Eurysthei
1167 1134 1342 1171 confectis
1366 1134 1464 1171 inter
1475 1135 1577 1172 coeli·

276 1203 374 1239 colas
395 1206 614 1239 versaturus
640 1203 709 1245 sit,
736 1206 776 1238 et
795 1202 1064 1248 Polyphemum
1078 1202 1196 1247 (cuius
1209 1211 1319 1238 casus
1336 1203 1575 1239 1344—1357

275 1270 486 1315 narrantur)
508 1278 591 1305 esse
611 1270 769 1305 relictos.
790 1269 869 1314 Quo
888 1270 1064 1305 vaticinio
1085 1270 1172 1305 socii
1193 1269 1238 1305 de
1258 1270 1454 1314 utriusque
1466 1271 1576 1306 amici

276 1339 375 1373 sorte
411 1337 531 1373 securi
567 1337 668 1373 nulla
703 1336 928 1374 contumelia
959 1340 999 1373 et
1031 1337 1129 1374 nullo
1161 1336 1297 1373 scelere
1331 1338 1402 1374 iter
1424 1347 1577 1383 pergere

276 1408 443 1450 possunt.
480 1405 661 1449 Quidquid
694 1405 739 1442 de
772 1405 911 1442 Glauco
935 1406 1013 1442 fata
1038 1409 1192 1443 canente
1217 1406 1377 1452 cogitas,
1399 1407 1578 1444 concedas

274 1483 426 1511 necesse
451 1476 511 1510 est
534 1474 770 1519 Argonautas
795 1474 876 1510 eius
901 1473 1152 1511 adhortatione
1176 1475 1390 1520 proditionis
1424 1475 1578 1512 crimine

275 1543 428 1579 absolvi.
1330 1560 1335 1565 ·

325 1610 406 1647 Hoc
431 1612 611 1657 Apollonii
636 1614 898 1657 argumentum
924 1611 1192 1657 (1172—1357)
1213 1611 1385 1649 Valerius
1414 1611 1454 1659 (3
1475 1621 1483 1647 :
1503 1612 1574 1647 487

277 1678 414 1726 —740)
431 1680 644 1716 interventu
661 1680 814 1716 Iunonis
832 1682 984 1715 auctum
997 1679 1213 1725 depravavit
1229 1680 1274 1726 1).
1300 1680 1381 1716 Non
1398 1680 1575 1724 cuiusque

321 1799 355 1843 1)
379 1801 411 1833 J.
433 1801 557 1834 Stender
579 1802 629 1841 (de
650 1803 767 1842 Argon.
790 1801 829 1833 ad
852 1801 976 1834 Colchos
998 1811 1092 1842 usque
1113 1802 1300 1843 expeditione
1322 1802 1442 1834 fabulae
1453 1802 1578 1834 historia

275 1858 394 1902 critica)
429 1860 612 1893 demonstrat
646 1859 731 1903 (pag.
754 1859 813 1903 48)
837 1860 874 1892 de
896 1859 1026 1892 Hercule
1048 1860 1189 1902 Hylaque
1211 1863 1242 1893 et
1264 1860 1301 1894 de
1323 1861 1511 1901 Argonautis
1532 1861 1579 1892 fa-

274 1919 362 1950 bulas
385 1919 474 1959 longe
504 1921 574 1952 ante
599 1920 765 1951 Pindarum
793 1919 832 1951 ad
855 1919 942 1951 Cium
974 1919 1073 1952 sedem
1096 1920 1236 1952 habuisse
1258 1920 1359 1960 ibique
1381 1919 1576 1952 concrevisse.

319 1977 357 2008 In
379 1977 479 2017 Mysia
500 1978 595 2017 enim,
618 1978 669 2009 ubi
690 1978 839 2009 Hercules
862 1978 900 2008 ab
923 1978 1108 2017 Argonautis
1131 1979 1255 2010 relictus
1278 1980 1339 2016 est,
1363 1978 1433 2009 Ciae
1444 1978 1578 2010 coloniae

272 2036 406 2068 fuerunt.
425 2035 577 2067 Pindarus
598 2036 763 2068 secundum
786 2035 921 2074 Stender,
943 2037 1090 2075 quantum
1113 2036 1178 2068 erui
1200 2038 1309 2077 potest,
1333 2036 1450 2077 primus
1460 2035 1575 2068 Hercu-

274 2094 334 2126 lem
356 2094 436 2127 inter
457 2094 652 2134 Argonautas
674 2094 767 2126 fuisse
790 2093 972 2126 adfirmavit.
996 2093 1033 2125 Id
1054 2094 1135 2126 enim
1156 2103 1218 2127 non
1240 2094 1327 2127 modo
1349 2104 1393 2131 eo,
1416 2094 1495 2135 quod
1506 2097 1576 2127 ante

275 2161 344 2183 eum
365 2161 516 2192 nusquam
538 2152 686 2184 Hercules
708 2152 828 2184 additus
846 2153 893 2184 est
905 2151 1025 2183 Iasonis
1037 2152 1126 2184 sociis
1137 2153 1189 2184 sed
1201 2153 1292 2186 etiam
1304 2152 1476 2185 testimonio
1486 2153 1577 2185 Scho-

275 2210 382 2243 Hastae
404 2211 443 2242 ad
465 2211 555 2251 Pyth.
580 2210 625 2242 IV
646 2222 653 2242 τ
672 2210 735 2243 303
759 2211 997 2243 demonstratur:
1029 2212 1136 2244 πάντας
1153 2214 1294 2247 Σοφοκλῆς
1311 2211 1340 2239 ἔν
1359 2213 1422 2244 ταῖς
1439 2212 1579 2246 Annulo-t

273 2269 312 2301 τῷ
340 2266 460 2302 δράματι
488 2267 645 2302 καταλέγει
673 2268 739 2299 τοῦς
768 2267 807 2299 εἷς
835 2267 869 2294 τό
896 2265 1028 2301 Ἀργῶιον
1047 2266 1223 2298 densam-ac
1241 2266 1349 2301 σκάφος
1367 2266 1416 2293 καὶ
1435 2265 1580 2301 Αἰσχύλος

273 2317 301 2346 ἓν
329 2321 480 2355 Καβείροις.
510 2320 542 2346 Ὁ
571 2319 602 2347 δὲ
621 2318 752 2354 Πίνδαρος
770 2321 943 2350 συσταλῆναι
963 2319 1010 2346 τόν
1029 2318 1165 2352 Ἡρακλέα
1183 2319 1243 2350 τοῖς
1260 2317 1464 2353 Ἀργοναῦταις
1481 2317 1578 2353 φησίν.

273 2371 307 2402 ὡς
326 2370 356 2399 δὲ
375 2370 401 2399 ἓν
420 2371 515 2408 Μυσίᾳ
535 2370 653 2406 ἐξῆλθεν
672 2370 716 2405 ἐφ’
734 2369 867 2405 ὕδρευμα,
888 2372 1066 2405 κατελείφθη
1086 2370 1159 2405 παρὰ
1178 2372 1233 2398 τᾶν
1252 2369 1457 2405 Ἀργοναυτῶν.
