1874 2826
859 294 906 329 45

238 399 391 445 Vergilii
414 400 589 437 Aeneidis
613 401 666 438 IV
691 412 700 438 :
729 402 799 438 173
825 411 900 447 seq.
927 403 967 438 et
992 402 1095 438 Ovid.
1121 401 1271 439 Metam.
1299 401 1369 438 12:
1396 401 1442 437 24
1455 411 1530 446 seq.

237 467 374 503 Famae
400 468 581 505 rationem
606 473 646 505 et
668 470 843 505 naturam
865 469 912 506 ad
936 478 1048 506 suum
1073 470 1267 507 arbitrium
1290 470 1345 506 ita
1369 478 1533 506 commu-

237 535 337 572 tavit
371 540 495 583 poeta,
532 540 576 574 ut
615 538 802 575 simillima
838 539 890 575 sit
924 538 1096 575 Bellonae
1127 543 1167 575 et
1199 538 1327 575 Fur-ori
1354 536 1405 586 (11
1418 551 1428 580 ;
1443 538 1531 575 1283

237 612 466 650 praecurrere
502 606 620 650 qualis
656 606 750 643 bella
786 607 903 652 soleS,
933 616 1020 643 cum
1052 606 1153 643 mille
1180 607 1290 644 tubos
1313 609 1531 652 armataque

234 673 376 718 campis
404 674 552 718 agmina
583 676 623 710 et
646 675 882 711 innumerum
905 675 1018 711 flatus
1049 676 1226 721 confingis
1250 675 1465 722 equorum);
1491 676 1525 711 si

235 741 440 778 secundum
462 741 645 786 Apollonii
670 743 918 778 narrationem
942 742 1118 779 horrendo
1141 742 1382 780 Lemniarum
1400 743 1531 780 sceleri

236 810 424 855 ignoscere
456 819 529 845 non
565 809 673 853 plane
704 818 920 855 possumus,
955 813 1081 846 tamen
1106 819 1240 846 uxores
1262 811 1394 847 duram
1417 811 1530 847 servi·

236 878 360 913 tutem
385 876 530 912 maritis
550 877 590 911 et
610 876 768 920 captivis
789 876 996 912 servientes
1014 877 1061 912 ad
1078 877 1260 913 nefarium
1271 878 1433 914 furorem
1445 887 1528 914 esse

236 945 412 981 incitatas
448 944 552 980 facile
586 943 814 988 intelligitur.
853 943 955 988 Quod
995 945 1200 989 suspicione
1235 945 1312 982 sola
1347 948 1387 982 et
1421 955 1528 982 caeca

235 1013 291 1048 ira
327 1013 499 1048 incensae
536 1012 685 1047 caedem
723 1014 986 1056 patraverunt,
1025 1014 1070 1048 ut
1106 1012 1274 1048 Valerius
1305 1016 1449 1054 narrat,
1485 1023 1528 1048 eo

237 1080 433 1115 temerario
471 1080 605 1116 scelere
643 1079 774 1124 ingens
811 1079 970 1115 dedecus
1007 1079 1077 1115 sibi
1114 1080 1327 1116 contrahere
1359 1080 1529 1116 mulieres

236 1157 350 1185 ausae
362 1149 461 1185 sunt.
475 1148 618 1193 Ubique
630 1148 760 1185 Venus
771 1148 904 1185 faciem
917 1147 1082 1194 Dryopes
1093 1148 1237 1192 induta,
1247 1149 1370 1185 taetra
1381 1148 1530 1185 Furoris

237 1217 379 1262 imago,
415 1216 653 1252 Lemniarum
689 1218 838 1252 mentes
871 1216 1101 1261 inflammat,
1126 1217 1207 1261 ipsa
1233 1216 1340 1252 adest
1363 1218 1407 1253 ut
1431 1216 1531 1252 dolos

237 1285 355 1330 fingat
387 1285 614 1328 miserasque
646 1293 783 1320 uxores
807 1285 1036 1330 cohortetur,
1063 1285 1203 1329 stipata
1228 1284 1343 1329 impia
1366 1284 1529 1326 cohorte,

237 1352 389 1396 Pavore,
410 1351 607 1395 Discordia,
629 1351 731 1394 Dolo,
751 1351 879 1396 Rabie,
903 1352 996 1387 Leto
1017 1351 1130 1398 (204).
1149 1351 1330 1388 Versibus
1345 1351 1425 1396 198,
1441 1352 1530 1386 199:

240 1418 397 1464 „nimbis
418 1420 458 1454 et
475 1419 556 1454 luce
576 1417 721 1462 fragosa
732 1418 967 1463 prosequitur
979 1418 1085 1464 polus
1097 1420 1136 1455 et
1147 1418 1289 1455 tonitru
1301 1420 1407 1463 pater
1418 1419 1531 1462 auget

237 1487 393 1523 hon0r0''
430 1487 627 1522 admodum
664 1485 837 1521 offendor.
875 1486 969 1522 Cum
995 1487 1046 1522 dii
1071 1487 1233 1531 deaeque
1257 1486 1333 1522 irae
1357 1487 1397 1521 et
1419 1485 1531 1521 dolori

236 1555 463 1600 indulgeant,
484 1553 674 1590 Valerium
700 1554 911 1599 respexisse
939 1555 1133 1599 oportebat
1157 1563 1304 1600 semper
1328 1563 1392 1590 eos
1411 1553 1533 1590 conari

237 1623 362 1659 fallere
399 1622 543 1664 Iovem,
581 1631 734 1667 gravem
758 1624 798 1658 et
825 1622 1082 1658 venerandum
1106 1622 1176 1658 fati
1200 1623 1440 1667 interpretem
1464 1631 1532 1658 nec

237 1700 346 1735 eum,
383 1699 607 1734 quamquam
639 1690 813 1725 nonnulla
850 1691 1012 1725 humana
1049 1700 1072 1726 a
1096 1700 1138 1726 se
1162 1690 1282 1726 aliena
1306 1699 1379 1730 non
1403 1692 1530 1735 putet,

238 1767 417 1803 umquam
452 1758 567 1803 impia
603 1758 739 1794 scelera
775 1757 960 1793 adiuvare.
997 1757 1039 1793 Id
1072 1759 1200 1794 autem
1234 1758 1374 1808 crimen
1398 1757 1531 1794 descri-

237 1828 398 1863 bendum
424 1827 622 1863 dirissimis
648 1827 802 1863 somniis
827 1826 1021 1862 sollicitare
1045 1829 1193 1871 poetam
1219 1827 1361 1863 solebat
1386 1825 1455 1871 (Oh
1468 1826 1531 1870 qui

237 1905 299 1932 me
336 1905 425 1932 vera
461 1896 656 1931 canentem
694 1893 807 1930 sistat
844 1895 884 1929 et
918 1893 986 1929 hac
1018 1895 1164 1929 nostras
1196 1893 1347 1929 exolvat
1370 1885 1530 1938 imagine

237 1965 366 2000 noctes
404 1963 509 2008 218),
548 1962 655 2007 quasi
689 1964 791 1998 esset
814 1961 910 1998 alter
934 1961 1129 1998 Lucretius
1165 1961 1224 2007 (cf.
1250 1961 1295 1997 de
1318 1970 1442 1997 rerum
1466 1969 1530 1995 na-

237 2033 326 2068 tura
365 2033 383 2068 1
412 2044 419 2067 :
449 2032 536 2072 142,
574 2030 628 2066 IV
666 2030 758 2071 965,
797 2028 871 2076 70).
905 2029 1032 2066 Multis
1055 2029 1269 2074 ambagibus
1291 2030 1401 2074 poeta
1424 2027 1531 2063 docet

237 2109 310 2143 quo
343 2100 449 2136 modo
483 2099 603 2135 Thoas
627 2108 694 2135 rex
719 2100 891 2135 servatus
918 2099 970 2134 sit
995 2099 1134 2143 pietate
1158 2097 1253 2133 filiae
1279 2106 1368 2133 suae
1391 2096 1529 2141 Hypsi·

239 2166 355 2211 pyles.
394 2165 546 2211 copiose
584 2167 785 2203 Bacchicus
819 2165 855 2213 1)
881 2166 1003 2202 cultus
1027 2167 1197 2202 narratur
1219 2166 1258 2201 et
1279 2173 1431 2209 pompa,
1457 2173 1531 2208 qua

224 2347 226 2349 ,
282 2313 315 2352 1)
338 2312 390 2344 An
410 2313 561 2344 Bacchica
583 2313 743 2344 coniuncta
764 2321 826 2344 non
847 2312 962 2344 fuerint
983 2321 1053 2344 cum
1075 2312 1177 2343 fabula
1194 2311 1230 2342 de
1250 2311 1385 2343 Thoante
1407 2314 1439 2344 et
1448 2312 1535 2353 Hyp-

213 2370 218 2373 ’
234 2370 345 2410 sipyle,
370 2369 482 2403 dubito.
502 2369 600 2402 Multa
616 2376 803 2410 supervacua
823 2370 960 2402 doctrina
973 2371 1004 2402 et
1013 2369 1297 2410 mythographorum
1307 2369 1535 2410 scriptiunculis
