1874 2826
989 290 1036 325 92

353 404 427 431 non
464 396 572 432 aulici
599 395 634 440 1)
671 394 842 430 homines
880 395 957 430 sint
995 394 1059 428 sed
1093 394 1223 429 eadem
1254 395 1415 430 veritate
1440 396 1595 431 utantur
1619 395 1660 430 et

354 463 592 508 simplicitate
619 461 778 506 agendi,
818 469 891 505 qua
917 460 967 496 dii
991 460 1190 497 Homerici.
1227 460 1269 496 In
1296 461 1410 506 epicis
1436 461 1662 498 carminibus

353 530 506 575 optimis
536 529 586 566 dii
609 529 700 565 nihil
725 528 880 565 humani
906 538 930 565 a
954 537 995 564 se
1021 528 1185 565 alienum
1210 531 1390 573 putantes
1414 529 1488 574 ita,
1513 530 1558 565 ut
1582 529 1660 565 sint

354 598 471 633 altera
502 596 695 632 hominum
727 596 861 631 civitas
898 605 963 641 per
991 596 1115 632 omnia
1140 596 1287 632 saecula
1311 596 1492 632 lectorum
1515 596 1663 632 animos

352 667 501 709 captare
525 665 727 708 pot-uerunt
750 663 920 709 (excepto
946 663 1105 699 fortasse
1130 663 1222 699 libro
1246 663 1344 699 XXI
1367 661 1517 709 Iliadis).

402 731 462 766 Ab
486 730 587 765 Hera
611 730 765 773 caligine
790 729 882 765 tecti
902 729 1011 765 Iason
1032 731 1073 765 et
1093 729 1199 774 socii,
1221 729 1348 764 Phrixi
1367 729 1449 774 filii,
1465 730 1510 764 'in
1528 729 1659 765 urbem

354 799 394 833 et
426 797 567 842 regiam
596 796 749 833 domum
774 797 870 832 clam
894 796 1127 841 perveniunt.
1154 796 1330 843 Exceptis
1357 796 1572 840 222-225,
1595 796 1659 841 qui

353 865 573 902 miraculosa
598 875 707 911 opera
728 866 878 910 docent,
902 865 1099 909 descriptio
1119 865 1267 901 aedium
1288 865 1442 901 evidens
1462 867 1522 901 est
1542 873 1660 909 neque

353 934 515 970 ornatior
537 943 650 979 quam
674 943 740 979 pro
764 935 906 970 remoto
931 935 1110 979 tempore.
1135 933 1264 970 Medea
1289 933 1417 970 Phrixi
1441 933 1536 970 filios
1556 933 1663 970 visos

352 1003 451 1040 laeto
475 1003 634 1039 clamore
660 1002 810 1039 salutat.

404 1070 504 1114 Quae
528 1072 745 1115 sequuntur,
771 1070 959 1106 tumultus
983 1070 1202 1115 necopinato
1223 1070 1351 1106 Phrixi
1371 1070 1483 1115 prolis
1495 1070 1660 1106 adventu

354 1138 393 1174 in
430 1138 579 1177 aedibus
610 1138 751 1184 factm,
785 1138 961 1183 gaudium
995 1138 1148 1184 matris,
1181 1147 1292 1182 quam
1318 1138 1563 1183 periculosum
1588 1138 1661 1175 iter

354 1207 512 1242 filiorum
535 1208 643 1242 nocte
667 1207 799 1250 dieque
825 1207 999 1250 vexavit,
1019 1207 1166 1242 curatio
1190 1215 1264 1250 qua
1289 1206 1410 1242 fessos
1433 1206 1662 1251 refecerunt,

355 1283 469 1310 coena
497 1274 660 1319 paranda
691 1277 771 1311 tam
804 1274 990 1320 praeclare
1024 1274 1206 1320 descripta
1238 1275 1328 1310 sunt
1353 1276 1398 1310 ut
1422 1273 1513 1319 ipsis
1538 1273 1663 1310 verbis

355 1342 550 1378 253—275
582 1343 771 1379 laudarem
804 1343 878 1378 nisi
909 1351 998 1378 mox
1029 1342 1102 1378 alia
1126 1343 1269 1387 copiose
1294 1342 1497 1378 enarranda
1521 1344 1662 1378 essent.

354 1409 462 1445 Nunc
485 1410 616 1447 Amori
640 1411 782 1447 occasio
807 1411 938 1447 idonea
962 1413 1022 1446 est
1043 1413 1088 1447 ut
1101 1411 1212 1447 matri
1225 1411 1408 1456 promissa
1421 1410 1553 1447 solvat.
1580 1410 1660 1447 Hoc

355 1487 499 1522 quoque
524 1478 602 1515 loco
626 1479 825 1524 parvulum
853 1479 985 1525 deum,
1010 1479 1224 1524 plerumque
1249 1479 1388 1515 lascivo
1408 1488 1521 1524 puero
1543 1477 1660 1515 simil-

354 1545 505 1588 limum,
531 1546 729 1582 dexterum
754 1548 795 1582 et
819 1547 953 1590 agilem
979 1547 1243 1591 cognoscimus.
1270 1546 1406 1582 Callide
1432 1547 1501 1582 sub
1513 1549 1661 1591 postem

355 1612 396 1648 in
428 1613 612 1650 vestibulo
642 1623 772 1650 arcum
801 1614 999 1651 intendens
1035 1624 1056 1651 e
1094 1615 1266 1660 pharetra
1292 1615 1471 1659 sagittam
1496 1614 1660 1650 nondum

358 1681 537 1717 emissam
557 1682 759 1726 depromit,
781 1692 893 1726 quam
912 1683 1025 1718 limen
1046 1683 1142 1718 clam
1164 1686 1420 1727 transgressus
1442 1684 1511 1719 sub
1530 1683 1660 1719 Iasone

357 1750 437 1794 ipso
464 1749 703 1791 convolutus,
741 1749 887 1786 inmisit
911 1750 1080 1786 Medeae:
1114 1749 1173 1789 τὴν
1197 1748 1395 1793 δ’ἀμφαισίη
1420 1747 1513 1791 λάβε
1539 1748 1662 1792 θυμόν.

356 1819 475 1855 Amor
506 1818 584 1854 ales
617 1821 656 1854 et
680 1818 915 1863 sagittarius,
941 1819 1005 1862 qui
1029 1828 1091 1854 cor
1114 1819 1352 1855 vulneratum
1377 1828 1502 1855 amore
1526 1819 1658 1864 afficit,

355 1886 629 1922 Alexandrinae
654 1887 748 1923 artis
774 1886 939 1932 poeticae
960 1886 1127 1932 proprius
1148 1888 1226 1929 est,
1249 1889 1293 1923 ut
1315 1896 1425 1932 saepe
1445 1887 1484 1923 in
1504 1887 1660 1932 pseudo-

399 2017 433 2061 1)
455 2019 568 2051 Mirum
601 2019 697 2051 conat
731 2018 807 2051 306.
841 2019 926 2051 Elles
947 2019 1006 2058 (les
1027 2017 1170 2061 Deesses)
1192 2019 1278 2051 n'ont
1299 2028 1355 2059 pas
1377 2017 1427 2050 ete
1449 2017 1565 2051 elevees
1586 2019 1666 2052 dans

351 2077 503 2119 l'Olympe
525 2078 578 2110 des
598 2078 745 2119 premiere
766 2080 882 2120 temps,
905 2078 984 2110 mais
1005 2077 1025 2110 a
1046 2078 1078 2110 la
1100 2087 1189 2110 cours
1210 2077 1284 2109 d'un
1305 2077 1471 2110 Ptolemee.

396 2137 507 2169 Melius
529 2139 576 2169 est
597 2147 665 2169 raro
687 2138 828 2169 inducere
850 2138 921 2169 deos
943 2146 1035 2177 quam
1058 2137 1148 2168 deum
1170 2136 1387 2168 vaticinantem
1409 2145 1525 2168 amores
1544 2136 1666 2169 Cleobis

352 2194 385 2226 in
418 2195 562 2236 pudicum
591 2195 765 2233 Antheum‚
796 2195 875 2236 quod
898 2195 972 2227 fecit
993 2194 1168 2227 Alexander
1189 2194 1332 2226 Aetolus:
1355 2203 1433 2234 quae
1453 2194 1553 2235 poesis
1574 2204 1664 2236 prae·

351 2255 434 2286 terea
467 2254 555 2286 docta
587 2256 618 2286 et
639 2255 758 2286 minuta
788 2254 821 2286 in
843 2254 947 2295 parvis
968 2255 1059 2286 rebus
1082 2255 1112 2285 et
1134 2252 1272 2293 quaesita
1294 2253 1400 2285 iisdem
1423 2253 1507 2286 vitiis
1527 2255 1678 2296 laborat„

352 2315 474 2353 propter
505 2322 583 2353 quae
617 2314 717 2354 poesis
748 2312 956 2345 Alexandrina
978 2312 1105 2344 infamia
1128 2321 1251 2352 aspersa
1273 2314 1319 2344 est
1360 2312 1454 2354 Cenat
1478 2313 1663 2346 105—110.

352 2371 485 2413 Mahaffy
507 2382 577 2413 pag.
600 2372 675 2405 243.
