1874 2826
861 312 908 347 49

244 416 403 462 „primos
427 417 579 463 pelagus
599 427 753 463 magnos
773 419 811 454 in
835 428 924 454 usus
936 416 1100 464 aperire’'
1115 417 1238 453 docuit
1251 416 1405 457 Flaccus
1420 416 1452 451 1:
1469 416 1536 451 169

240 483 389 528 quidem
420 485 483 522 sed
519 486 754 523 Lemniorum
794 496 880 532 „rex
912 487 1045 532 puppis
1070 486 1175 523 tenui
1200 486 1397 522 contexere
1421 492 1539 520 canna

240 562 358 588 ausus
394 555 433 589 et
468 554 617 591 inducto
654 555 847 591 defendere
882 553 1008 600 tergo'’
1034 555 1221 599 profectus
1247 555 1339 590 erat.
1365 552 1537 589 Valerius

240 620 316 656 iam
347 621 466 665 magis
498 622 688 666 magisque
723 630 875 667 pressus
912 624 1130 666 argumento
1165 621 1210 657 de
1247 621 1367 666 primo
1403 620 1536 656 itinere

240 698 375 734 magna
413 690 451 724 et
488 689 658 725 omnibus
681 690 898 726 necessariis
929 691 1040 726 rebus
1065 692 1194 725 ornata
1219 698 1315 725 nave
1341 691 1534 734 suscepto,

178 803 180 806 ι
239 756 367 792 callide
401 757 440 791 et
477 758 604 793 astute
640 757 751 792 huius
784 757 854 792 loci
885 756 1101 793 difficultate
1134 756 1270 792 evasit!
1299 756 1410 802 Apud
1435 755 1536 791 Lati—

238 834 331 860 num
368 824 498 860 deinde
535 823 709 860 Lemniae
746 824 835 871 (non
874 825 949 861 iam
973 825 1166 870 mulieres,
1197 826 1262 862 sed
1285 826 1355 862 viri
1381 824 1535 871 feroces)

240 891 427 936 pugnandi
452 891 579 927 ardore
602 891 855 926 inflammatae
878 892 954 926 iam
975 895 1079 927 arma
1098 893 1291 936 capiebant
1307 894 1366 937 „ni
1378 893 1535 929 Veneris

241 968 375 995 saevas
401 958 574 1004 stegisset
596 958 770 996 Mulciber
792 958 901 995 iras''.
923 958 1038 995 Deest
1063 959 1210 1003 sapiens
1233 959 1429 1004 Polyxonis
1453 970 1535 997 sen-

241 1028 381 1069 tentia,
420 1036 532 1071 quam
568 1027 667 1072 apud
704 1027 939 1072 Apollonium
970 1026 1146 1070 legimus:
1181 1036 1269 1062 nam
1301 1036 1395 1071 quae
1427 1028 1534 1068 dicit,

240 1095 331 1132 nihil
355 1097 415 1132 est
440 1096 511 1134 nisi
536 1095 756 1132 vaticinium
780 1095 889 1131 inane
914 1096 954 1131 et
976 1104 1073 1130 vana
1093 1094 1304 1131 coniectura
1334 1095 1535 1132 322—325.

242 1163 380 1199 Statim
411 1164 566 1199 iuvenca
596 1164 734 1200 Veneri
759 1165 923 1199 mactata
948 1161 1125 1208 (primum
1150 1172 1287 1199 munus
1311 1165 1396 1208 post
1420 1164 1538 1199 multa

241 1231 399 1277 saecula)
425 1231 471 1267 ad
495 1231 586 1267 litus
610 1231 836 1267 conveniunt
860 1233 903 1283 ut
916 1230 1153 1275 Argonautas
1165 1231 1358 1275 accipiant.
1370 1230 1538 1267 Iasonem

243 1299 350 1343 quasi
393 1300 466 1336 iter
506 1299 706 1336 facientem
756 1301 800 1335 ut
849 1299 1017 1335 animum
1055 1299 1215 1335 delectet
1251 1309 1439 1344 novasque
1478 1310 1538 1336 res

242 1368 362 1410 visat,
386 1368 582 1409 miratum,
607 1376 790 1412 quaenam
815 1366 892 1404 sint
917 1366 1101 1403 fumantia
1126 1376 1236 1408 saxa,
1262 1367 1387 1404 docuit
1411 1367 1539 1413 regina

242 1444 400 1480 eumque
442 1445 528 1471 cum
561 1435 669 1471 sociis
703 1435 897 1480 magnifica
922 1444 1034 1471 coena
1057 1435 1185 1471 reficit.
1214 1435 1268 1471 At
1293 1435 1429 1472 iterum
1453 1435 1539 1471 vide

241 1503 379 1539 Valerii
414 1503 639 1548 imperitiam
674 1503 923 1539 incredibilem
961 1506 1001 1539 et
1033 1504 1178 1539 miram.
1204 1503 1299 1539 Cum
1323 1505 1381 1540 tot
1406 1513 1539 1540 versus

242 1569 514 1610 consumpserit
561 1569 713 1601 Flaccus
761 1569 807 1601 ad
855 1569 1004 1602 caedem
1054 1569 1220 1602 virorum
1264 1578 1286 1602 a
1326 1569 1540 1603 mulieribus

242 1633 380 1674 factam
416 1633 675 1685 enarrandam,
709 1643 820 1683 quam
849 1633 1067 1683 Apollonius
1092 1635 1243 1675 tantum
1266 1634 1393 1684 paucis
1417 1633 1540 1674 verbis

242 1708 547 1741 commemoravit
560 1733 570 1749 ‚
607 1717 653 1741 ne
688 1717 812 1740 rerum
837 1709 981 1740 statum
1006 1709 1044 1741 in
1069 1709 1138 1740 hac
1163 1709 1284 1741 insula
1308 1709 1538 1749 ignoremus,

243 1770 371 1804 tamen
408 1769 476 1804 hoc
509 1769 629 1803 scelus
652 1769 691 1803 in
717 1768 853 1803 Valerii
878 1769 1038 1803 carmine
1063 1769 1207 1804 nullum
1231 1769 1538 1814 impedimentum

242 1839 352 1881 affert
384 1843 424 1880 et
455 1840 626 1880 mulieres
650 1840 813 1880 criminis
837 1841 907 1880 sibi
932 1841 1008 1880 iam
1032 1852 1079 1880 ne
1108 1842 1275 1881 consciae
1299 1842 1447 1889 quidem
1471 1852 1539 1880 nec

242 1909 383 1942 famam
407 1910 548 1942 veritae
573 1909 674 1943 laute
699 1910 934 1951 Argonautas
963 1910 1160 1951 accipiunt.
1195 1911 1272 1958 Nec
1293 1911 1366 1944 ullo
1390 1913 1539 1952 stupore

242 1973 454 2008 afficiuntur
500 1976 638 2009 nautae
682 1974 779 2017 quod
824 1976 944 2010 totam
991 1975 1150 2024 insulam
1195 1975 1285 2010 viris
1330 1977 1369 2009 et
1413 1974 1538 2017 pueris

242 2037 441 2097 spoliatam
464 2038 603 2091 vident.
625 2039 757 2091 Omnia
780 2040 947 2099 denique,
961 2040 1307 2099 quaninllnouonio
1320 2039 1538 2091 (lemuribus

244 2116 284 2141 et
308 2115 423 2142 animi
447 2116 611 2143 motibus
636 2117 821 2151 virginum
845 2119 885 2144 et
910 2117 1106 2144 mulierum
1131 2117 1300 2144 connubii
1313 2116 1538 2150 cupientium

243 2179 378 2222 magno
415 2181 501 2213 cum
538 2171 660 2224 lepore
697 2174 878 2215 enarratis
915 2173 1082 2221 laudavi,
1120 2173 1159 2215 in
1191 2173 1321 2215 Latino
1346 2180 1453 2222 opere
1477 2171 1539 2212 ad-

243 2248 395 2281 modum
418 2250 594 2283 desidero.
619 2251 662 2283 In
682 2251 837 2291 Vergilii
849 2253 1017 2292 vestigiis
1030 2253 1185 2284 haerens
1197 2252 1401 2284 assectator
1412 2252 1541 2283 noster

243 2311 390 2351 semper
426 2311 555 2344 eodem
592 2312 700 2346 modo
738 2312 818 2346 sine
856 2313 930 2346 ulla
967 2313 1170 2346 variatione
1200 2319 1352 2345 coenam
1375 2311 1541 2355 depingit

244 2377 387 2414 ratione
411 2387 557 2415 morum
581 2380 620 2415 et
645 2381 823 2426 temporis
848 2390 1053 2426 numquam
1078 2381 1212 2417 habita.
1237 2379 1292 2416 Ut
1316 2380 1354 2417 in
1376 2381 1539 2418 Aeneide

1468 2441 1490 2474 4
