1874 2826
887 285 935 322 33

266 391 473 436 fluctusque
513 392 560 428 ad
591 392 711 429 sidera
746 392 852 429 tollit.
890 392 1144 437 Franquntur
1182 391 1287 426 remi.
1326 389 1427 425 Bene
1462 389 1562 424 enim

266 458 371 494 fecit:
397 468 485 496 nam
509 460 658 496 etiamsi
684 468 758 496 non
781 459 907 497 omnia
930 460 1029 496 facta
1053 459 1198 504 singula
1211 459 1344 503 poetae
1356 456 1560 493 enarranda

268 528 376 571 sunt,
401 536 474 563 non
497 528 661 573 neglexit
684 527 869 572 Vergilius
893 536 955 563 res
978 526 1191 572 gravissimi
1213 524 1395 562 momenti
1403 524 1563 561 indicare

267 602 315 629 ne
339 603 434 640 vaga
457 597 497 633 et
520 596 661 633 incerta
686 595 742 633 sit
762 595 968 641 descriptio.
1005 594 1193 631 Lucianus
1221 592 1256 640 1)
1282 592 1432 630 satirico
1456 592 1564 629 modo

268 670 335 698 suo
359 665 486 699 narrat
510 663 626 699 fuisse
650 662 886 707 historicum,
924 663 987 706 qui
1012 662 1254 698 affirmaverit
1279 671 1321 698 se
1345 661 1426 697 suis
1449 661 1564 697 oculis

266 729 403 767 vidisse
423 730 599 768 dracones
618 729 825 777 (audiverat
845 730 946 767 enim
956 730 1114 775 insignia
1126 731 1217 767 haec
1229 729 1403 767 militaria
1417 729 1563 767 vexillis

265 797 444 834 adstricta
468 808 548 835 esse
573 807 692 843 neque
717 798 962 841 intellexerat,
986 798 1076 842 quid
1100 798 1378 843 significaretur)
1402 798 1510 835 vivos
1522 799 1562 834 in

267 865 394 902 hostes
426 867 609 904 coniectos
629 875 771 912 ‚magno
794 868 934 903 terrore
958 867 1185 910 percussisse
1210 866 1367 910 milites,
1392 876 1477 903 cum
1501 867 1561 903 ille

267 933 363 969 alter
388 934 618 980 Thucydides
641 943 805 979 pugnam
830 943 878 969 ne
901 933 1041 979 pictam
1066 933 1216 978 quidem
1240 934 1384 970 viderit.
1426 934 1561 970 Dubito

267 1009 316 1037 an
336 1002 464 1038 noster
484 1011 579 1042 nave
602 1011 675 1039 non
687 1003 820 1038 vectus
830 1001 902 1037 sit!
928 1000 1060 1037 Confer
1076 1010 1220 1046 quoque
1232 1001 1277 1037 de
1289 1001 1415 1046 inepta
1426 1001 1563 1038 Valerii

268 1070 551 1115 exaggeratione
563 1070 673 1116 Verg.
686 1070 783 1107 Aen.
800 1071 818 1106 1
831 1082 840 1106 ε
854 1070 920 1106 121
932 1071 971 1106 et
983 1069 1051 1105 122
1063 1080 1071 1104 :
1089 1069 1205 1117 „laxis
1213 1069 1375 1106 laterum
1383 1071 1564 1115 compagi-

268 1137 338 1173 bus
357 1145 487 1175 omnes
511 1138 695 1184 accipiunt
718 1139 908 1175 inimicum
933 1137 1092 1174 imbrem
1112 1138 1289 1182 rimisque
1308 1136 1511 1173 fatiscunt”
1525 1139 1565 1173 et

263 1185 351 1241 ‘VaL
359 1204 477 1242 Flacc.
490 1206 572 1250 637,
585 1205 658 1243 638
675 1215 781 1252 „cum
792 1206 960 1251 protinus
972 1205 1078 1242 alnus
1091 1205 1248 1241 solvitur
1259 1206 1300 1241 et
1312 1208 1421 1242 vasto
1433 1206 1565 1251 puppis

268 1281 370 1308 mare
408 1274 531 1310 sorbet
567 1272 707 1310 hiatu.”
745 1272 866 1309 Tanta
889 1272 1073 1309 undarum
1098 1275 1139 1308 et
1162 1273 1340 1318 procellae
1364 1273 1404 1309 vi
1427 1273 1564 1310 fractos

268 1342 404 1376 nautas
417 1341 565 1377 audacis
575 1341 713 1385 incepti
725 1339 893 1385 poenitet
906 1340 946 1376 et
959 1337 1060 1386 (vide
1074 1339 1210 1382 miram
1221 1342 1353 1385 poetae
1365 1341 1564 1387 fictionem,

269 1416 356 1444 cum
380 1407 526 1455 Minyae
549 1417 661 1455 prope
686 1408 777 1445 litus
801 1410 840 1444 et
861 1416 964 1444 mare
984 1407 1214 1450 habitarent,
1239 1417 1335 1453 quae
1353 1409 1400 1446 iis
1420 1418 1566 1455 semper

269 1477 358 1512 ante
395 1477 518 1514 oculos
553 1475 813 1524 versabantur>
854 1485 954 1522 „non
991 1476 1153 1512 hiemem
1192 1478 1397 1522 missosque
1433 1480 1569 1523 putant

270 1552 488 1590 consurgere
513 1546 645 1582 ventos
669 1545 805 1590 ignari,
832 1544 898 1580 sed
922 1544 997 1581 tale
1022 1543 1170 1581 fretum.
1192 1544 1230 1593 2)
1256 1545 1353 1582 Tum
1377 1554 1567 1583 murmure

271 1614 433 1649 maesto:
468 1612 535 1649 hoc
559 1618 658 1658 erat,
682 1613 842 1649 inlicitas
867 1615 1051 1649 temerare
1074 1614 1293 1650 rudentibus
1316 1615 1447 1655 undas,
1471 1615 1567 1659 quod

270 1679 388 1716 nostri
411 1680 571 1716 timuere
596 1680 751 1725 patres”
778 1680 983 1717 625—628.
1009 1680 1136 1716 Talem
1161 1681 1409 1726 ignorantiam
1433 1684 1474 1718 et
1497 1682 1566 1718 im-

270 1746 444 1792 peritiam
464 1748 594 1785 heroes
615 1748 682 1785 soli
693 1748 875 1793 attingere
888 1749 1064 1792 possunt:
1076 1748 1187 1784 homo
1199 1749 1279 1793 ipse
1291 1749 1413 1786 minor
1424 1750 1567 1786 minora

270 1816 409 1858 captat.
434 1814 477 1850 In
489 1817 579 1859 quot
590 1816 630 1851 et
642 1816 799 1859 quantos
810 1823 949 1851 errores
961 1815 1155 1851 abducitur
1166 1817 1277 1860 poeta
1286 1842 1296 1861 ‚
1310 1816 1407 1860 quod
1420 1816 1567 1854 menda-

270 1882 328 1918 cio
351 1891 393 1918 se
417 1881 547 1919 fefellit
570 1883 670 1928 Argo
693 1883 808 1919 fuisse
832 1883 990 1927 primam
1014 1882 1169 1918 navem!
1196 1883 1251 1918 At
1274 1883 1392 1919 risum
1417 1893 1567 1920 movere

270 1958 345 1986 non
369 1950 520 1987 desistit
542 1953 688 1987 noster:
713 1959 937 1996 quamquam
960 1952 1071 1986 antea
1095 1950 1195 1986 nulla
1215 1959 1352 1995 magna
1372 1951 1480 1987 navis
1500 1960 1567 1997 per

270 2026 374 2054 mare
397 2017 548 2064 longum
571 2018 644 2055 iter
667 2019 786 2056 facere
811 2018 919 2055 solita
944 2019 1044 2061 erat,
1071 2017 1307 2055 nihilominus
1319 2021 1568 2064 cognoverant

270 2086 409 2122 nautae
446 2095 530 2123 esse
566 2096 677 2133 rupes
715 2086 883 2134 Cyaneas
907 2089 946 2124 et
970 2087 1202 2132 verebantur,
1229 2096 1275 2123 ne
1299 2086 1394 2123 illico
1419 2096 1567 2124 concur-

315 2201 348 2240 1)
370 2202 436 2240 Quo
456 2203 544 2236 modo
566 2204 608 2236 sit
629 2204 756 2237 historia
778 2204 992 2237 conscribenda
1014 2204 1093 2245 (39).

314 2258 350 2302 2)
384 2260 588 2301 Exaggeravit
619 2262 712 2294 etiam
744 2262 868 2295 Diodori
901 2263 1131 2304 expositionem,
1166 2263 1218 2303 qui
1247 2263 1320 2294 dicit
1342 2263 1479 2296 homines
1499 2266 1572 2297 anm

268 2312 354 2354 Argo
375 2321 484 2346 navem
505 2315 626 2347 tantum
646 2315 790 2348 lintribus
812 2316 859 2348 uti
881 2316 985 2349 solitos
1007 2325 1083 2349 esse.

314 2372 349 2411 3)
373 2372 412 2404 Cf
429 2372 484 2404 lib.
507 2373 729 2413 1:60,198
752 2376 783 2407 et
805 2374 826 2407 2
850 2387 858 2407 ε
882 2375 958 2407 382.

1496 2431 1520 2467 3
