1874 2826
895 273 944 311 23

273 378 392 424 priore
412 379 469 415 die
494 379 635 417 factum
654 390 737 417 esse
756 379 936 428 narravit)
958 379 1221 426 profectionem
1232 379 1460 424 ipsamatris
1471 380 1567 416 curis

272 448 457 484 turbidam
478 449 684 486 adumbrat.
701 449 803 486 Nihil
820 450 867 486 de
882 449 1215 485 'faustisominibus
1225 475 1235 493 ‚
1261 447 1353 483 nihil
1364 446 1410 483 de
1422 450 1566 492 sperato

272 515 393 552 reditu
412 516 514 552 salvo
535 510 724 562 audimus,
748 525 867 562 neque
886 515 1004 553 ullum
1025 518 1261 553 constantem
1273 517 1315 551 et
1326 515 1462 551 fortem
1474 525 1566 551 esse.

270 584 432 622 Advolat
438 585 602 622 Acastus
610 572 761 622 horrens
768 585 910 629 iaculis,
917 585 1060 622 Iasonis
1068 585 1159 639 dolis
1167 568 1343 621 inductus
1351 585 1450 636 regis
1458 584 1566 622 filius.

269 653 375 699 Tum,
388 654 474 690 fune
487 654 607 703 securi
619 651 762 690 ardenti
773 638 946 707 abscissa,
956 654 1062 702 *Argo
1075 662 1176 698 mare
1188 647 1308 700 altum
1317 653 1414 697 petit
1422 653 1567 697 fugiens

268 723 309 757 et
331 721 429 758 furto
453 722 570 758 anxia*
590 722 699 768 (quod
719 712 888 758 Valerius
908 710 998 758 sane
1011 721 1163 774 pulchra
1175 721 1458 767 comparatione,
1472 730 1566 765 quae

269 789 451 834 sequitur,
464 790 725 834 demonstrat),
735 786 780 825 ut
791 785 924 825 catulis
936 774 1081 834 tigridis
1093 790 1211 834 raptis
1224 790 1379 825 venator
1390 789 1566 825 anhelan-

268 852 348 893 tem
367 858 501 902 equum
521 858 558 894 in
569 866 755 893 summam
767 856 1002 902 velocitatem
1015 857 1187 902 concitat,
1200 857 1244 893 ut
1256 856 1390 893 silvam
1402 856 1566 903 effugiat.

267 924 406 960 Iuvene
423 925 548 962 callide
561 927 709 970 arrepto
723 925 882 970 primam
894 904 1057 960 c‘arinam
1068 924 1159 960 furti
1172 925 1356 960 consciam
1369 925 1434 960 sed
1447 926 1564 969 maria

265 995 478 1038 aperturam
490 993 735 1038 Graeciaeque
747 978 943 1037 navigandi
957 991 1123 1036 studium
1136 993 1340 1036 moturam‚
1356 1001 1427 1036 quo
1439 992 1564 1029 divina

268 1059 330 1095 illa
353 1061 452 1105 regio
475 1046 706 1104 humanitati¹
722 1066 787 1104 per
812 1060 935 1112 omnia
948 1060 1093 1110 saecula
1105 1059 1288 1095 libertatis
1300 1060 1513 1112 exemplum
1525 1064 1564 1097 et

266 1111 433 1165 omnium
457 1129 633 1165 bonarum
657 1119 795 1165 artium
810 1117 1000 1173 >magistra
1027 1127 1118 1173 fuit,
1143 1127 1315 1164 Valerius
1339 1129 1468 1164 auctor
1492 1130 1562 1165 est.

277 1196 281 1201 '
316 1194 507 1231 Hactenus
527 1196 570 1231 de
586 1178 778 1240 Apollonio
790 1178 929 1247 Rhodio
942 1197 982 1230 et
993 1194 1141 1230 Valerio
1154 1196 1281 1231 Flacco
1293 1196 1563 1239 comparatione

267 1251 443 1300 instituta
463 1263 634 1300 diximus.
661 1247 761 1308 Quae
782 1253 989 1308 sequuntur
1008 1272 1126 1308 usque
1151 1263 1198 1299 ad
1222 1263 1335 1299 finem
1361 1263 1441 1300 libn'
1454 1264 1562 1310 primi
1634 1277 1638 1281 ⁹

265 1330 434 1367 Valerius
458 1331 558 1368 solus
580 1332 761 1376 narravit,
787 1317 1029 1384 omnia-quae
1049 1330 1101 1367 'ad
1121 1332 1258 1373 Pelian,
1281 1332 1461 1377 Iasonem,
1489 1332 1562 1368 Me-

265 1387 372 1435 deam
397 1399 646 1445 pertinebant,
668 1396 906 1452 tractatarus.

314 1466 357 1501 In
392 1467 574 1511 Apollonii
610 1467 742 1502 Rhodii
771 1468 942 1502 carmine
963 1468 1108 1503 nullum
1141 1469 1317 1504 indicium
1349 1469 1562 1504 invenimus

266 1534 367 1579 Argo
390 1533 504 1570 fuisse
523 1534 681 1579 primam
702 1543 847 1588 navem,
870 1543 965 1579 quae
983 1544 1181 1580 aequoreas
1203 1535 1323 1572 undas
1344 1536 1502 1572 secuerit
1517 1536 1561 1578 1).

267 1602 322 1637 Ne
346 1602 364 1637 I
385 1612 393 1637 :
420 1603 489 1638 547
522 1586 669 1646 quidem
694 1600 835 1647 (πάντες
859 1601 1063 1646 δὀὖρανόθεν
1089 1605 1224 1638 λεῦσσον
1249 1603 1322 1639 θεοὶ
1343 1604 1451 1645 ἤματι
1472 1603 1562 1651 κείνῳ

266 1666 327 1710 νῆοι
351 1668 409 1705 καὶ
433 1668 571 1712 ἧμιθὲον
596 1668 714 1714 ἀνδρῶν
739 1669 856 1712 μένος,
883 1668 912 1705 οἳ
935 1670 1005 1705 τότ’
1033 1670 1159 1716 ἄριστοι
1185 1673 1301 1708 πόντον
1321 1672 1560 1720 ἐπιπλώεσκον)

265 1738 334 1775 hoc
345 1739 482 1775 indicat
490 1741 597 1783 poeta
609 1758 658 1764 —-
666 1738 778 1775 robur
784 1740 885 1784 ,enim
898 1739 1071 1776 Graeciae
1086 1740 1144 1776 Dii
1156 1741 1398 1778 admiratione
1411 1744 1561 1778 tantum

265 1806 449 1851 aspiciunt
457 1831 468 1849 ‚
483 1811 557 1842 vnec
574 1815 647 1842 uno
660 1806 769 1842 verbo
781 1805 949 1851 designat
961 1794 1028 1843 hoc
1040 1807 1116 1844 loco
1128 1811 1238 1853 poeta
1250 1809 1410 1854 primam
1423 1819 1559 1846 navem

265 1884 348 1912 esse
360 1875 572 1920 profectam.
593 1896 641 1901 —
661 1876 737 1911 Nec
756 1875 797 1911 1:
819 1876 889 1912 723
910 1875 968 1915 τὴν
988 1875 1016 1910 οἱ
1035 1874 1180 1910 ὄπασσεν
1202 1877 1349 1917 Παλλὰς
1365 1875 1420 1912 ὅτε
1436 1880 1559 1922 πρῶτον

265 1941 423 1987 δρυόχους
445 1941 661 1985 ἐπεβάλλετο
686 1943 755 1983 νηὸς
773 1943 914 1987 Ἀργοῦς
924 1970 934 1983 ,
948 1945 1009 1980 ubi
1022 1941 1077 1978 ὅτε
1091 1945 1215 1987 πρῶτον
1228 1946 1412 1990 Significat
1428 1946 1559 1993 „Simul

265 2010 345 2048 ac'’.
377 2011 455 2056 Quo
479 2011 556 2048 loco
581 2012 832 2058 manuscripta
856 2013 894 2048 in
919 2012 1041 2048 verbis
1070 2010 1124 2046 ὅτε
1151 2014 1275 2055 πρῶτον
1299 2014 1396 2050 inter
1420 2023 1460 2050 se
1485 2006 1558 2050 no'n

264 2079 449 2117 differunt.
483 2080 579 2117 Nam
612 2078 667 2115 ὅτε
692 2079 816 2124 πρῶτος
841 2081 1064 2126 significaret
1089 2081 1231 2125 Argum
1256 2081 1419 2125 primum
1444 2081 1560 2118 fuisse

264 2149 553 2196 constructorem
566 2149 730 2205 navium.
740 2148 821 2194 Nec
832 2158 964 2201 versus
971 2147 1033 2184 III.
1044 2149 1237 2185 340—346
1246 2149 1340 2184 hanc
1348 2144 1559 2193 opinion-em

265 2215 497 2253 confirmant.

272 2313 275 2317 '
308 2308 340 2348 1)
372 2308 436 2341 Nec
457 2309 680 2350 Appollodorus
714 2310 746 2342 in
781 2310 862 2343 Bibl.
899 2311 916 2343 1
942 2322 950 2343 :
974 2311 994 2344 9
1018 2322 1025 2342 :
1050 2311 1090 2343 16
1114 2322 1121 2342 :
1146 2310 1165 2343 6
1199 2309 1290 2341 huius
1323 2310 1361 2341 ab
1384 2311 1562 2351 argumento

261 2352 379 2385 alienae
399 2353 443 2385 rei
466 2354 650 2386 mentionem
672 2355 755 2387 facit.
852 2366 854 2370 ⁴
