1874 2826
964 277 1009 312 14

335 383 425 421 licos
451 384 612 421 concitat
635 386 679 421 ut
703 393 778 420 una
802 393 888 420 cum
913 383 1099 421 Aesonide
1128 413 1144 431 „
1157 388 1291 423 ventos
1310 386 1639 431 parentibusinex-

336 451 497 498 pertos’'
537 453 612 500 (97)
650 454 891 498 temptarent.
928 452 1021 488 Ecce
1059 463 1169 490 omne
1201 454 1374 491 Graeciae
1405 456 1515 492 robur
1546 456 1638 498 coit,

336 521 477 557 Faunis
501 521 758 566 Amnibusque
783 529 919 557 navem
944 521 1114 557 laudibus
1137 522 1409 558 extollentibus.
1435 523 1529 559 Cum
1549 523 1641 560 Iuno

337 589 536 626 Herculem
573 598 717 634 quoque
754 591 794 625 et
829 598 957 625 carum
994 589 1029 625 ei
1060 589 1234 626 iuvenem
1259 589 1397 635 Hylam
1422 590 1461 626 in
1487 592 1641 628 heroum

338 667 493 694 numero
529 667 612 693 esse
645 658 766 699 videt,
799 657 1012 702 indignatur
1037 658 1225 694 hominem
1250 659 1318 694 sibi
1342 658 1641 695 inimicissimum

340 735 413 763 non
449 726 569 763 hieme
607 729 648 765 et
679 725 791 764 undis
824 735 933 772 posse
969 726 1158 772 exstingui
1183 736 1279 764 nave
1304 726 1520 770 vehentem,
1545 736 1640 772 quae

339 794 458 838 prima
495 794 622 830 divina
659 804 726 839 ope
763 805 828 840 per
867 795 984 831 maria
1031 795 1113 831 vias
1146 796 1345 831 inventura
1383 796 1434 831 sit
1458 796 1640 832 90—120.

339 862 473 899 Paucis
507 863 631 899 verbis
663 863 815 900 incertis
852 865 980 900 narrat
1012 864 1123 909 poeta
1156 873 1228 909 quo
1253 863 1359 901 modo
1384 873 1520 901 navem
1544 863 1640 901 aedi-

339 932 496 968 ficarint.
522 932 651 968 Multis
672 932 889 977 ambagibus
901 932 1023 968 varios
1036 932 1204 976 picturae
1216 933 1371 968 honores
1382 934 1423 968 et
1434 934 1587 968 ornatus
1607 932 1640 978 1)

341 999 534 1044 describit,
566 1000 700 1044 quibus
737 1002 902 1044 tempore
939 1000 1191 1036 remotissimo
1215 1009 1342 1036 recens
1367 1009 1458 1045 gens
1479 1001 1642 1036 humana

342 1067 502 1113 primam
526 1077 662 1104 navem
686 1069 923 1105 exornaverit
946 1068 1189 1114 (120—149)!

392 1135 557 1172 Miranda
594 1146 690 1172 nave
723 1137 898 1181 adspecta
931 1138 1089 1182 stupens
1121 1137 1226 1173 Iason
1252 1139 1379 1173 mente
1403 1136 1522 1181 agitat
1548 1146 1641 1181 quae

344 1204 506 1248 pericula
530 1205 745 1250 parentibus
769 1204 909 1240 relictis
933 1207 973 1241 et
998 1204 1084 1241 filiis
1097 1204 1207 1240 undis
1219 1205 1398 1249 expositis
1410 1205 1642 1249 immineant,

346 1272 391 1308 de
436 1273 530 1308 bono
568 1275 708 1309 eventu
741 1274 939 1318 desperans
981 1274 1128 1309 dubitat
1164 1275 1289 1310 utrum
1315 1272 1458 1309 inultus
1483 1274 1642 1317 pericula

344 1341 477 1376 subeat
505 1349 553 1375 an
579 1340 704 1386 potius
729 1341 869 1377 Acasto
893 1343 1040 1386 arrepto
1065 1340 1248 1376 crudelem
1273 1342 1477 1386 tyrannum
1502 1341 1643 1386 ingenti

344 1409 447 1445 luctu
484 1409 632 1445 afficiat.
671 1409 764 1445 Ecce
802 1419 911 1446 omen
937 1419 1171 1456 prosperum,
1197 1410 1317 1455 aquila
1335 1410 1435 1447 Iovis
1459 1410 1643 1455 unguibus

344 1480 492 1523 raptam
516 1487 652 1523 agnam
676 1478 950 1523 eripiens‚,alis
974 1488 1015 1515 se
1040 1478 1155 1515 tollit:
1181 1488 1252 1523 quo
1268 1478 1349 1515 viso
1361 1480 1507 1515 erectus
1519 1478 1644 1515 animo

344 1547 450 1583 facile
484 1547 580 1592 regis
612 1547 687 1583 filio
711 1548 787 1583 iam
807 1548 948 1583 dudum
971 1548 1104 1592 gloriae
1129 1548 1259 1592 cupido
1283 1548 1482 1591 persuadet
1506 1548 1549 1583 ut
1569 1556 1645 1583 una

346 1625 433 1652 cum
470 1616 698 1660 Argonautis
735 1616 807 1652 iter
843 1616 976 1657 faciat;
1014 1617 1051 1652 in
1088 1616 1312 1661 profectione
1348 1616 1430 1660 ipsa
1461 1616 1645 1651 Acastum

347 1693 484 1719 navem
534 1692 776 1719 escensurum
815 1692 919 1726 esse,
956 1684 1053 1719 inter
1090 1693 1154 1719 eos
1199 1684 1373 1719 convenit
1410 1681 1645 1729 (149—183).

348 1751 579 1796 Quamquam
618 1751 768 1786 Graecis
805 1754 845 1787 et
880 1752 1057 1787 Romanis
1089 1752 1253 1787 moribus
1289 1751 1422 1787 licebat
1454 1750 1645 1786 inimicum

348 1828 462 1864 quam
474 1819 631 1864 plurime
643 1819 786 1855 laedere
795 1847 804 1865 ‚
818 1820 885 1856 hoc
897 1819 1040 1856 Iasonis
1051 1819 1131 1856 dolo
1144 1819 1315 1856 Valerius
1327 1819 1545 1863 argumento
1558 1827 1624 1855 suo
1634 1845 1644 1864 ,

347 1891 393 1924 ut
417 1891 517 1930 erat,
544 1887 650 1923 valde
675 1888 814 1923 offecit:
840 1888 1016 1933 profectio
1040 1888 1141 1924 enim
1162 1887 1271 1924 navis
1283 1887 1392 1931 fugae
1403 1885 1536 1922 similis
1548 1887 1647 1923 facta

347 1959 409 1993 est
447 1959 487 1993 et
511 1956 643 1992 ducem
669 1957 776 1992 navis
798 1956 918 2001 primo
943 1957 1060 1992 maria
1084 1958 1280 2001 aperturae
1304 1954 1582 2000 magnanimum
1607 1957 1647 1991 et

347 2025 484 2061 fortem
521 2024 644 2061 virum
683 2033 765 2060 esse
795 2024 949 2060 decebat
973 2033 1091 2068 neque
1115 2025 1175 2060 tot
1200 2024 1362 2059 virorum
1386 2031 1454 2067 ope
1478 2022 1646 2058 adiutum

350 2092 510 2135 pericula
535 2091 656 2128 vereri
681 2091 745 2127 sed
769 2091 893 2135 ipsum
919 2100 987 2127 sua
1011 2091 1144 2134 sponte
1169 2099 1213 2126 ea
1237 2091 1371 2135 petere.

397 2160 542 2196 Navem
574 2160 651 2196 iam
684 2159 888 2205 perfectam
922 2159 1086 2195 humeris
1120 2159 1282 2194 subeunt
1305 2159 1459 2202 nautae,
1485 2158 1523 2194 in
1544 2166 1647 2193 mare

352 2227 557 2274 deducunt,
584 2228 777 2273 Neptuno,
803 2227 1003 2272 Zephyris,
1029 2226 1186 2268 Glauco,
1207 2226 1352 2271 Thetidi
1364 2235 1448 2263 aras
1461 2227 1653 2268 statuunt„

395 2359 426 2397 1)
450 2360 493 2392 Cf.
520 2361 536 2391 1
563 2372 570 2391 ε
594 2359 659 2391 273
682 2359 799 2393 auratis
821 2359 978 2399 corymbis.
