<?xml version="1.0" encoding="UTF-8"?>
<!DOCTYPE html PUBLIC "-//W3C//DTD XHTML 1.0 Transitional//EN"
    "http://www.w3.org/TR/xhtml1/DTD/xhtml1-transitional.dtd">
<html xmlns="http://www.w3.org/1999/xhtml" xml:lang="en" lang="en">
 <head>
  <title>
</title>
<meta http-equiv="Content-Type" content="text/html;charset=utf-8" />
  <meta name='ocr-system' content='tesseract 3.04.00' />
  <meta name='ocr-capabilities' content='ocr_page ocr_carea ocr_par ocr_line ocrx_word'/>
</head>
<body>
  <div class='ocr_page' id='page_1' title='image "4737390_0117.png"; bbox 0 0 1874 2826; ppageno 0'>
   <div class='ocr_carea' id='block_1_1' title="bbox 837 295 966 332">
    <p class='ocr_par' dir='ltr' id='par_1_1' title="bbox 837 295 966 332">
     <span class='ocr_line' id='line_1_1' title="bbox 837 295 966 332; baseline -0.008 0"><span class='ocrx_word' id='word_1_1' title='bbox 837 312 841 315; x_wconf 59' lang='lat'><em>¹</em></span> <span class='ocrx_word' id='word_1_2' title='bbox 897 295 966 332; x_wconf 88' lang='lat'>103</span> 
     </span>
    </p>
   </div>
   <div class='ocr_carea' id='block_1_2' title="bbox 276 401 1584 2415">
    <p class='ocr_par' dir='ltr' id='par_1_2' title="bbox 280 401 1584 1329">
     <span class='ocr_line' id='line_1_2' title="bbox 335 401 1579 448; baseline 0 -9"><span class='ocrx_word' id='word_1_3' title='bbox 335 401 407 439; x_wconf 88' lang='lat' dir='ltr'>Sed</span> <span class='ocrx_word' id='word_1_4' title='bbox 429 412 523 448; x_wconf 88' lang='lat' dir='ltr'>quae</span> <span class='ocrx_word' id='word_1_5' title='bbox 535 412 595 439; x_wconf 89' lang='lat' dir='ltr'>res</span> <span class='ocrx_word' id='word_1_6' title='bbox 615 405 674 440; x_wconf 91' lang='lat' dir='ltr'>est</span> <span class='ocrx_word' id='word_1_7' title='bbox 693 403 831 441; x_wconf 90' lang='lat' dir='ltr'>summi</span> <span class='ocrx_word' id='word_1_8' title='bbox 852 402 1052 447; x_wconf 85' lang='lat' dir='ltr'><strong>momenti,</strong></span> <span class='ocrx_word' id='word_1_9' title='bbox 1074 401 1265 448; x_wconf 79' lang='lat' dir='ltr'>Chalciope</span> <span class='ocrx_word' id='word_1_10' title='bbox 1277 401 1400 438; x_wconf 87' lang='lat' dir='ltr'>mater</span> <span class='ocrx_word' id='word_1_11' title='bbox 1411 401 1579 444; x_wconf 89' lang='lat' dir='ltr'>crimine,</span> 
     </span>
     <span class='ocr_line' id='line_1_3' title="bbox 286 469 1583 513; baseline -0.002 -8"><span class='ocrx_word' id='word_1_12' title='bbox 286 470 382 513; x_wconf 82' lang='lat' dir='ltr'>quod</span> <span class='ocrx_word' id='word_1_13' title='bbox 417 470 503 506; x_wconf 88' lang='lat' dir='ltr'>filiis</span> <span class='ocrx_word' id='word_1_14' title='bbox 540 471 620 506; x_wconf 91' lang='lat' dir='ltr'>eius</span> <span class='ocrx_word' id='word_1_15' title='bbox 657 471 820 506; x_wconf 88' lang='lat' dir='ltr'>minatur</span> <span class='ocrx_word' id='word_1_16' title='bbox 852 470 1011 512; x_wconf 88' lang='lat' dir='ltr'>Aeetes,</span> <span class='ocrx_word' id='word_1_17' title='bbox 1044 470 1166 506; x_wconf 84' lang='lat' dir='ltr'>verita</span> <span class='ocrx_word' id='word_1_18' title='bbox 1190 478 1238 504; x_wconf 91' lang='lat' dir='ltr'>ne</span> <span class='ocrx_word' id='word_1_19' title='bbox 1258 478 1334 504; x_wconf 89' lang='lat' dir='ltr'>una</span> <span class='ocrx_word' id='word_1_20' title='bbox 1356 477 1444 503; x_wconf 88' lang='lat' dir='ltr'>cum</span> <span class='ocrx_word' id='word_1_21' title='bbox 1469 469 1583 512; x_wconf 83' lang='lat' dir='ltr'>Argo·</span> 
     </span>
     <span class='ocr_line' id='line_1_4' title="bbox 285 534 1583 584; baseline -0.002 -10"><span class='ocrx_word' id='word_1_22' title='bbox 285 537 411 575; x_wconf 82' lang='lat' dir='ltr'>nautis</span> <span class='ocrx_word' id='word_1_23' title='bbox 430 538 782 584; x_wconf 87' lang='lat' dir='ltr'>pereant‚Medeam</span> <span class='ocrx_word' id='word_1_24' title='bbox 803 539 997 575; x_wconf 78' lang='lat' dir='ltr'>adhortata.</span> <span class='ocrx_word' id='word_1_25' title='bbox 1017 541 1078 575; x_wconf 86' lang='lat' dir='ltr'>est</span> <span class='ocrx_word' id='word_1_26' title='bbox 1099 539 1143 574; x_wconf 92' lang='lat' dir='ltr'>ut</span> <span class='ocrx_word' id='word_1_27' title='bbox 1163 536 1307 583; x_wconf 89' lang='lat' dir='ltr'>magica</span> <span class='ocrx_word' id='word_1_28' title='bbox 1319 538 1402 573; x_wconf 87' lang='lat' dir='ltr'>arte</span> <span class='ocrx_word' id='word_1_29' title='bbox 1414 534 1583 572; x_wconf 75' lang='lat' dir='ltr'>Iasonem</span> 
     </span>
     <span class='ocr_line' id='line_1_5' title="bbox 285 604 1584 650; baseline -0.002 -8"><span class='ocrx_word' id='word_1_30' title='bbox 285 606 332 641; x_wconf 87' lang='lat' dir='ltr'>ad</span> <span class='ocrx_word' id='word_1_31' title='bbox 363 606 504 642; x_wconf 87' lang='lat' dir='ltr'>labores</span> <span class='ocrx_word' id='word_1_32' title='bbox 526 606 761 650; x_wconf 84' lang='lat' dir='ltr'>perferendos</span> <span class='ocrx_word' id='word_1_33' title='bbox 784 606 948 642; x_wconf 83' lang='lat' dir='ltr'>adiuvet.</span> <span class='ocrx_word' id='word_1_34' title='bbox 973 605 1102 642; x_wconf 87' lang='lat' dir='ltr'>Medea</span> <span class='ocrx_word' id='word_1_35' title='bbox 1125 606 1240 650; x_wconf 87' lang='lat' dir='ltr'>igitur</span> <span class='ocrx_word' id='word_1_36' title='bbox 1264 604 1479 649; x_wconf 81' lang='lat' dir='ltr'><strong>Chalciopes</strong></span> <span class='ocrx_word' id='word_1_37' title='bbox 1503 613 1584 648; x_wconf 87' lang='lat' dir='ltr'>pre·</span> 
     </span>
     <span class='ocr_line' id='line_1_6' title="bbox 283 671 1581 719; baseline -0.002 -10"><span class='ocrx_word' id='word_1_38' title='bbox 283 673 387 710; x_wconf 88' lang='lat' dir='ltr'>cibus</span> <span class='ocrx_word' id='word_1_39' title='bbox 411 675 451 710; x_wconf 92' lang='lat' dir='ltr'>et</span> <span class='ocrx_word' id='word_1_40' title='bbox 474 682 599 711; x_wconf 91' lang='lat' dir='ltr'>amore</span> <span class='ocrx_word' id='word_1_41' title='bbox 622 672 764 709; x_wconf 88' lang='lat' dir='ltr'>Iasonis</span> <span class='ocrx_word' id='word_1_42' title='bbox 788 682 933 718; x_wconf 90' lang='lat' dir='ltr'>quoque</span> <span class='ocrx_word' id='word_1_43' title='bbox 956 674 1123 719; x_wconf 88' lang='lat' dir='ltr'>permota</span> <span class='ocrx_word' id='word_1_44' title='bbox 1147 675 1323 719; x_wconf 83' lang='lat' dir='ltr'>cognatos</span> <span class='ocrx_word' id='word_1_45' title='bbox 1347 673 1388 708; x_wconf 89' lang='lat' dir='ltr'>et</span> <span class='ocrx_word' id='word_1_46' title='bbox 1400 671 1581 716; x_wconf 83' lang='lat' dir='ltr'>Iasonem,</span> 
     </span>
     <span class='ocr_line' id='line_1_7' title="bbox 282 743 1580 787; baseline -0.001 -8"><span class='ocrx_word' id='word_1_47' title='bbox 282 752 411 779; x_wconf 86' lang='lat' dir='ltr'>carum</span> <span class='ocrx_word' id='word_1_48' title='bbox 444 744 576 786; x_wconf 89' lang='lat' dir='ltr'>caput,</span> <span class='ocrx_word' id='word_1_49' title='bbox 608 751 682 778; x_wconf 88' lang='lat' dir='ltr'>non</span> <span class='ocrx_word' id='word_1_50' title='bbox 715 751 785 779; x_wconf 83' lang='lat' dir='ltr'>sua</span> <span class='ocrx_word' id='word_1_51' title='bbox 815 752 927 779; x_wconf 87' lang='lat' dir='ltr'>causa</span> <span class='ocrx_word' id='word_1_52' title='bbox 958 743 1023 779; x_wconf 89' lang='lat' dir='ltr'>sed</span> <span class='ocrx_word' id='word_1_53' title='bbox 1055 744 1218 787; x_wconf 89' lang='lat' dir='ltr'>quietem</span> <span class='ocrx_word' id='word_1_54' title='bbox 1249 752 1357 779; x_wconf 86' lang='lat' dir='ltr'>suam</span> <span class='ocrx_word' id='word_1_55' title='bbox 1382 744 1423 778; x_wconf 92' lang='lat' dir='ltr'>et</span> <span class='ocrx_word' id='word_1_56' title='bbox 1447 743 1580 778; x_wconf 87' lang='lat' dir='ltr'>bonam</span> 
     </span>
     <span class='ocr_line' id='line_1_8' title="bbox 283 808 1580 855; baseline 0.002 -11"><span class='ocrx_word' id='word_1_57' title='bbox 283 808 422 845; x_wconf 85' lang='lat' dir='ltr'>famam</span> <span class='ocrx_word' id='word_1_58' title='bbox 459 808 563 845; x_wconf 87' lang='lat' dir='ltr'>nihili</span> <span class='ocrx_word' id='word_1_59' title='bbox 599 808 737 845; x_wconf 86' lang='lat' dir='ltr'>faciens</span> <span class='ocrx_word' id='word_1_60' title='bbox 773 818 794 845; x_wconf 92' lang='lat' dir='ltr'>e</span> <span class='ocrx_word' id='word_1_61' title='bbox 831 812 933 845; x_wconf 87' lang='lat' dir='ltr'>certa</span> <span class='ocrx_word' id='word_1_62' title='bbox 965 809 1124 854; x_wconf 82' lang='lat' dir='ltr'>pernicie</span> <span class='ocrx_word' id='word_1_63' title='bbox 1157 809 1292 855; x_wconf 89' lang='lat' dir='ltr'>eripuit</span> <span class='ocrx_word' id='word_1_64' title='bbox 1323 810 1397 854; x_wconf 85' lang='lat' dir='ltr'>ita,</span> <span class='ocrx_word' id='word_1_65' title='bbox 1423 812 1467 846; x_wconf 92' lang='lat' dir='ltr'>ut</span> <span class='ocrx_word' id='word_1_66' title='bbox 1498 809 1580 855; x_wconf 83' lang='lat' dir='ltr'>ipsa</span> 
     </span>
     <span class='ocr_line' id='line_1_9' title="bbox 282 877 1578 915; baseline 0.001 -2"><span class='ocrx_word' id='word_1_67' title='bbox 282 877 384 914; x_wconf 91' lang='lat' dir='ltr'>omni</span> <span class='ocrx_word' id='word_1_68' title='bbox 417 877 553 913; x_wconf 85' lang='lat' dir='ltr'>scelere</span> <span class='ocrx_word' id='word_1_69' title='bbox 586 877 713 913; x_wconf 88' lang='lat' dir='ltr'>abluta</span> <span class='ocrx_word' id='word_1_70' title='bbox 745 877 879 914; x_wconf 78' lang='lat' dir='ltr'>fortem</span> <span class='ocrx_word' id='word_1_71' title='bbox 905 880 945 914; x_wconf 85' lang='lat' dir='ltr'>et</span> <span class='ocrx_word' id='word_1_72' title='bbox 968 877 1150 914; x_wconf 88' lang='lat' dir='ltr'>invictum</span> <span class='ocrx_word' id='word_1_73' title='bbox 1174 878 1340 914; x_wconf 87' lang='lat' dir='ltr'>animum</span> <span class='ocrx_word' id='word_1_74' title='bbox 1364 878 1578 915; x_wconf 86' lang='lat' dir='ltr'>ostenderit.</span> 
     </span>
     <span class='ocr_line' id='line_1_10' title="bbox 282 943 1578 990; baseline 0 -10"><span class='ocrx_word' id='word_1_75' title='bbox 282 944 408 980; x_wconf 90' lang='lat' dir='ltr'>Puella</span> <span class='ocrx_word' id='word_1_76' title='bbox 431 944 559 980; x_wconf 88' lang='lat' dir='ltr'>autem</span> <span class='ocrx_word' id='word_1_77' title='bbox 585 943 644 980; x_wconf 91' lang='lat' dir='ltr'>vel</span> <span class='ocrx_word' id='word_1_78' title='bbox 669 943 812 985; x_wconf 89' lang='lat' dir='ltr'>mulier,</span> <span class='ocrx_word' id='word_1_79' title='bbox 836 944 941 980; x_wconf 86' lang='lat' dir='ltr'>cuius</span> <span class='ocrx_word' id='word_1_80' title='bbox 965 952 1073 980; x_wconf 89' lang='lat' dir='ltr'>mens</span> <span class='ocrx_word' id='word_1_81' title='bbox 1092 952 1216 980; x_wconf 90' lang='lat' dir='ltr'>amore</span> <span class='ocrx_word' id='word_1_82' title='bbox 1237 945 1396 990; x_wconf 80' lang='lat' dir='ltr'>exarsit,</span> <span class='ocrx_word' id='word_1_83' title='bbox 1420 945 1578 981; x_wconf 79' lang='lat' dir='ltr'>amicam</span> 
     </span>
     <span class='ocr_line' id='line_1_11' title="bbox 282 1011 1578 1059; baseline 0 -10"><span class='ocrx_word' id='word_1_84' title='bbox 282 1012 487 1059; x_wconf 80' lang='lat' dir='ltr'>desiderat,</span> <span class='ocrx_word' id='word_1_85' title='bbox 509 1021 668 1058; x_wconf 86' lang='lat' dir='ltr'>quacum</span> <span class='ocrx_word' id='word_1_86' title='bbox 689 1011 819 1049; x_wconf 88' lang='lat' dir='ltr'>dubias</span> <span class='ocrx_word' id='word_1_87' title='bbox 840 1021 949 1048; x_wconf 88' lang='lat' dir='ltr'>curas</span> <span class='ocrx_word' id='word_1_88' title='bbox 969 1013 1009 1048; x_wconf 91' lang='lat' dir='ltr'>et</span> <span class='ocrx_word' id='word_1_89' title='bbox 1026 1011 1159 1057; x_wconf 87' lang='lat' dir='ltr'>gaudia</span> <span class='ocrx_word' id='word_1_90' title='bbox 1170 1012 1428 1048; x_wconf 88' lang='lat' dir='ltr'>communicet.</span> <span class='ocrx_word' id='word_1_91' title='bbox 1452 1012 1578 1049; x_wconf 81' lang='lat' dir='ltr'>Talem</span> 
     </span>
     <span class='ocr_line' id='line_1_12' title="bbox 282 1079 1579 1125; baseline 0 -9"><span class='ocrx_word' id='word_1_92' title='bbox 282 1080 408 1122; x_wconf 85' lang='lat' dir='ltr'>ordine</span> <span class='ocrx_word' id='word_1_93' title='bbox 444 1089 568 1116; x_wconf 85' lang='lat' dir='ltr'>rerum</span> <span class='ocrx_word' id='word_1_94' title='bbox 592 1082 632 1116; x_wconf 89' lang='lat' dir='ltr'>et</span> <span class='ocrx_word' id='word_1_95' title='bbox 657 1079 800 1125; x_wconf 88' lang='lat' dir='ltr'>poetica</span> <span class='ocrx_word' id='word_1_96' title='bbox 824 1079 1008 1125; x_wconf 90' lang='lat' dir='ltr'>Apollonii</span> <span class='ocrx_word' id='word_1_97' title='bbox 1031 1079 1175 1115; x_wconf 89' lang='lat' dir='ltr'>ratione</span> <span class='ocrx_word' id='word_1_98' title='bbox 1199 1079 1389 1124; x_wconf 84' lang='lat' dir='ltr'>Chalciope</span> <span class='ocrx_word' id='word_1_99' title='bbox 1414 1089 1454 1116; x_wconf 90' lang='lat' dir='ltr'>se</span> <span class='ocrx_word' id='word_1_100' title='bbox 1478 1089 1579 1125; x_wconf 88' lang='lat' dir='ltr'>prae-</span> 
     </span>
     <span class='ocr_line' id='line_1_13' title="bbox 282 1146 1578 1193; baseline -0.002 -8"><span class='ocrx_word' id='word_1_101' title='bbox 282 1148 373 1185; x_wconf 89' lang='lat' dir='ltr'>buit.</span> <span class='ocrx_word' id='word_1_102' title='bbox 397 1147 514 1193; x_wconf 83' lang='lat' dir='ltr'>Quam</span> <span class='ocrx_word' id='word_1_103' title='bbox 538 1148 644 1193; x_wconf 88' lang='lat' dir='ltr'>longe</span> <span class='ocrx_word' id='word_1_104' title='bbox 665 1149 793 1184; x_wconf 88' lang='lat' dir='ltr'>autem</span> <span class='ocrx_word' id='word_1_105' title='bbox 806 1147 1016 1193; x_wconf 86' lang='lat' dir='ltr'>Chalciope,</span> <span class='ocrx_word' id='word_1_106' title='bbox 1036 1146 1184 1183; x_wconf 84' lang='lat' dir='ltr'>Medeae</span> <span class='ocrx_word' id='word_1_107' title='bbox 1197 1147 1339 1193; x_wconf 80' lang='lat' dir='ltr'>affinis,</span> <span class='ocrx_word' id='word_1_108' title='bbox 1361 1147 1496 1184; x_wconf 90' lang='lat' dir='ltr'>nutrici</span> <span class='ocrx_word' id='word_1_109' title='bbox 1508 1148 1578 1184; x_wconf 89' lang='lat' dir='ltr'>usi-</span> 
     </span>
     <span class='ocr_line' id='line_1_14' title="bbox 282 1215 1580 1260; baseline 0 -8"><span class='ocrx_word' id='word_1_110' title='bbox 282 1217 384 1252; x_wconf 77' lang='lat' dir='ltr'>tatae</span> <span class='ocrx_word' id='word_1_111' title='bbox 417 1218 475 1252; x_wconf 90' lang='lat' dir='ltr'>tot</span> <span class='ocrx_word' id='word_1_112' title='bbox 506 1215 777 1260; x_wconf 85' lang='lat' dir='ltr'>tragoediarum</span> <span class='ocrx_word' id='word_1_113' title='bbox 800 1216 985 1260; x_wconf 72' lang='lat' dir='ltr'>praestet,</span> <span class='ocrx_word' id='word_1_114' title='bbox 1011 1224 1059 1251; x_wconf 88' lang='lat' dir='ltr'>ne</span> <span class='ocrx_word' id='word_1_115' title='bbox 1083 1224 1157 1251; x_wconf 89' lang='lat' dir='ltr'>uno</span> <span class='ocrx_word' id='word_1_116' title='bbox 1181 1215 1329 1259; x_wconf 88' lang='lat' dir='ltr'>quidem</span> <span class='ocrx_word' id='word_1_117' title='bbox 1353 1216 1465 1256; x_wconf 85' lang='lat' dir='ltr'>verbo</span> <span class='ocrx_word' id='word_1_118' title='bbox 1488 1225 1580 1260; x_wconf 90' lang='lat' dir='ltr'>opus</span> 
     </span>
     <span class='ocr_line' id='line_1_15' title="bbox 280 1284 623 1329; baseline -0.006 -8"><span class='ocrx_word' id='word_1_119' title='bbox 280 1286 340 1321; x_wconf 85' lang='lat' dir='ltr'>est</span> <span class='ocrx_word' id='word_1_120' title='bbox 364 1286 407 1321; x_wconf 90' lang='lat' dir='ltr'>ut</span> <span class='ocrx_word' id='word_1_121' title='bbox 432 1284 623 1329; x_wconf 83' lang='lat' dir='ltr'>explicem.</span> 
     </span>
    </p>

    <p class='ocr_par' dir='ltr' id='par_1_3' title="bbox 276 1351 1580 2079">
     <span class='ocr_line' id='line_1_16' title="bbox 329 1351 1578 1397; baseline 0.001 -10"><span class='ocrx_word' id='word_1_122' title='bbox 329 1351 560 1396; x_wconf 77' lang='lat' dir='ltr'>Quamquam</span> <span class='ocrx_word' id='word_1_123' title='bbox 584 1354 712 1388; x_wconf 86' lang='lat' dir='ltr'>autem</span> <span class='ocrx_word' id='word_1_124' title='bbox 737 1351 886 1388; x_wconf 86' lang='lat' dir='ltr'>Medeae</span> <span class='ocrx_word' id='word_1_125' title='bbox 905 1361 1063 1394; x_wconf 86' lang='lat' dir='ltr'>nascens</span> <span class='ocrx_word' id='word_1_126' title='bbox 1082 1360 1185 1387; x_wconf 91' lang='lat' dir='ltr'>amor</span> <span class='ocrx_word' id='word_1_127' title='bbox 1205 1351 1316 1394; x_wconf 83' lang='lat' dir='ltr'>huius</span> <span class='ocrx_word' id='word_1_128' title='bbox 1336 1353 1478 1396; x_wconf 84' lang='lat' dir='ltr'>generis</span> <span class='ocrx_word' id='word_1_129' title='bbox 1497 1361 1578 1397; x_wconf 90' lang='lat' dir='ltr'>poe·</span> 
     </span>
     <span class='ocr_line' id='line_1_17' title="bbox 279 1419 1580 1466; baseline 0.002 -11"><span class='ocrx_word' id='word_1_130' title='bbox 279 1428 364 1456; x_wconf 88' lang='lat' dir='ltr'>seos</span> <span class='ocrx_word' id='word_1_131' title='bbox 396 1419 562 1456; x_wconf 87' lang='lat' dir='ltr'>mansuri</span> <span class='ocrx_word' id='word_1_132' title='bbox 592 1429 657 1465; x_wconf 87' lang='lat' dir='ltr'>per</span> <span class='ocrx_word' id='word_1_133' title='bbox 681 1428 776 1456; x_wconf 87' lang='lat' dir='ltr'>aeva</span> <span class='ocrx_word' id='word_1_134' title='bbox 798 1419 960 1465; x_wconf 84' lang='lat' dir='ltr'>primum</span> <span class='ocrx_word' id='word_1_135' title='bbox 984 1420 1198 1466; x_wconf 87' lang='lat' dir='ltr'>exemplum</span> <span class='ocrx_word' id='word_1_136' title='bbox 1223 1420 1312 1464; x_wconf 87' lang='lat' dir='ltr'>fuit,</span> <span class='ocrx_word' id='word_1_137' title='bbox 1338 1420 1580 1458; x_wconf 87' lang='lat' dir='ltr'>Alexandrini</span> 
     </span>
     <span class='ocr_line' id='line_1_18' title="bbox 279 1487 1577 1532; baseline 0.001 -8"><span class='ocrx_word' id='word_1_138' title='bbox 279 1488 398 1524; x_wconf 82' lang='lat' dir='ltr'>nostri</span> <span class='ocrx_word' id='word_1_139' title='bbox 422 1488 599 1532; x_wconf 86' lang='lat' dir='ltr'>digressio</span> <span class='ocrx_word' id='word_1_140' title='bbox 623 1488 704 1523; x_wconf 87' lang='lat' dir='ltr'>ilico</span> <span class='ocrx_word' id='word_1_141' title='bbox 728 1487 774 1523; x_wconf 88' lang='lat' dir='ltr'>ad</span> <span class='ocrx_word' id='word_1_142' title='bbox 799 1497 992 1523; x_wconf 89' lang='lat' dir='ltr'>summum</span> <span class='ocrx_word' id='word_1_143' title='bbox 1017 1489 1268 1532; x_wconf 85' lang='lat' dir='ltr'>praestantiae</span> <span class='ocrx_word' id='word_1_144' title='bbox 1292 1492 1332 1525; x_wconf 86' lang='lat' dir='ltr'>et</span> <span class='ocrx_word' id='word_1_145' title='bbox 1365 1490 1577 1525; x_wconf 84' lang='lat' dir='ltr'>venustatis</span> 
     </span>
     <span class='ocr_line' id='line_1_19' title="bbox 278 1553 1578 1601; baseline 0.001 -10"><span class='ocrx_word' id='word_1_146' title='bbox 278 1554 424 1591; x_wconf 91' lang='lat' dir='ltr'>culmen</span> <span class='ocrx_word' id='word_1_147' title='bbox 461 1554 649 1600; x_wconf 87' lang='lat' dir='ltr'>pervenit,</span> <span class='ocrx_word' id='word_1_148' title='bbox 686 1556 731 1590; x_wconf 87' lang='lat' dir='ltr'>ut</span> <span class='ocrx_word' id='word_1_149' title='bbox 763 1553 888 1589; x_wconf 88' lang='lat' dir='ltr'>Persis</span> <span class='ocrx_word' id='word_1_150' title='bbox 920 1554 1124 1600; x_wconf 83' lang='lat' dir='ltr'>profligatis</span> <span class='ocrx_word' id='word_1_151' title='bbox 1156 1555 1296 1592; x_wconf 83' lang='lat' dir='ltr'>Graeca</span> <span class='ocrx_word' id='word_1_152' title='bbox 1330 1556 1455 1592; x_wconf 89' lang='lat' dir='ltr'>divina</span> <span class='ocrx_word' id='word_1_153' title='bbox 1487 1565 1578 1601; x_wconf 91' lang='lat' dir='ltr'>gens</span> 
     </span>
     <span class='ocr_line' id='line_1_20' title="bbox 279 1622 1577 1668; baseline 0.002 -9"><span class='ocrx_word' id='word_1_154' title='bbox 279 1623 497 1660; x_wconf 86' lang='lat' dir='ltr'>brevissimo</span> <span class='ocrx_word' id='word_1_155' title='bbox 535 1624 700 1667; x_wconf 90' lang='lat' dir='ltr'>tempore</span> <span class='ocrx_word' id='word_1_156' title='bbox 737 1622 907 1658; x_wconf 88' lang='lat' dir='ltr'>omnibus</span> <span class='ocrx_word' id='word_1_157' title='bbox 942 1623 1086 1659; x_wconf 88' lang='lat' dir='ltr'>artibus</span> <span class='ocrx_word' id='word_1_158' title='bbox 1121 1623 1273 1668; x_wconf 89' lang='lat' dir='ltr'>populos</span> <span class='ocrx_word' id='word_1_159' title='bbox 1311 1633 1442 1660; x_wconf 91' lang='lat' dir='ltr'>omnes</span> <span class='ocrx_word' id='word_1_160' title='bbox 1473 1624 1577 1661; x_wconf 82' lang='lat' dir='ltr'>facile</span> 
     </span>
     <span class='ocr_line' id='line_1_21' title="bbox 279 1689 1579 1737; baseline 0.001 -10"><span class='ocrx_word' id='word_1_161' title='bbox 279 1694 529 1737; x_wconf 84' lang='lat' dir='ltr'>superaverat.</span> <span class='ocrx_word' id='word_1_162' title='bbox 581 1690 701 1735; x_wconf 77' lang='lat' dir='ltr'>Quum</span> <span class='ocrx_word' id='word_1_163' title='bbox 738 1691 866 1726; x_wconf 89' lang='lat' dir='ltr'>autem</span> <span class='ocrx_word' id='word_1_164' title='bbox 902 1689 1081 1736; x_wconf 86' lang='lat' dir='ltr'>originem</span> <span class='ocrx_word' id='word_1_165' title='bbox 1118 1691 1229 1727; x_wconf 90' lang='lat' dir='ltr'>huius</span> <span class='ocrx_word' id='word_1_166' title='bbox 1266 1691 1504 1737; x_wconf 84' lang='lat' dir='ltr'>digressionis</span> <span class='ocrx_word' id='word_1_167' title='bbox 1539 1693 1579 1729; x_wconf 91' lang='lat' dir='ltr'>et</span> 
     </span>
     <span class='ocr_line' id='line_1_22' title="bbox 278 1759 1577 1805; baseline 0.001 -9"><span class='ocrx_word' id='word_1_168' title='bbox 278 1762 452 1796; x_wconf 88' lang='lat' dir='ltr'>naturam</span> <span class='ocrx_word' id='word_1_169' title='bbox 476 1759 756 1805; x_wconf 86' lang='lat' dir='ltr'>explicaverim,</span> <span class='ocrx_word' id='word_1_170' title='bbox 783 1768 855 1804; x_wconf 92' lang='lat' dir='ltr'>quo</span> <span class='ocrx_word' id='word_1_171' title='bbox 879 1761 1032 1804; x_wconf 86' lang='lat' dir='ltr'>apparet</span> <span class='ocrx_word' id='word_1_172' title='bbox 1055 1759 1290 1804; x_wconf 90' lang='lat' dir='ltr'>Apollonium</span> <span class='ocrx_word' id='word_1_173' title='bbox 1314 1760 1478 1797; x_wconf 88' lang='lat' dir='ltr'>virtutes</span> <span class='ocrx_word' id='word_1_174' title='bbox 1503 1770 1577 1797; x_wconf 86' lang='lat' dir='ltr'>car·</span> 
     </span>
     <span class='ocr_line' id='line_1_23' title="bbox 277 1826 1577 1865; baseline 0.001 -1"><span class='ocrx_word' id='word_1_175' title='bbox 277 1828 391 1864; x_wconf 91' lang='lat' dir='ltr'>minis</span> <span class='ocrx_word' id='word_1_176' title='bbox 414 1827 531 1863; x_wconf 90' lang='lat' dir='ltr'>aetati</span> <span class='ocrx_word' id='word_1_177' title='bbox 554 1826 826 1864; x_wconf 86' lang='lat' dir='ltr'>Alexandrinae</span> <span class='ocrx_word' id='word_1_178' title='bbox 852 1828 891 1862; x_wconf 89' lang='lat' dir='ltr'>et</span> <span class='ocrx_word' id='word_1_179' title='bbox 912 1826 1071 1863; x_wconf 84' lang='lat' dir='ltr'>Graecae</span> <span class='ocrx_word' id='word_1_180' title='bbox 1091 1826 1202 1863; x_wconf 89' lang='lat' dir='ltr'>indoli</span> <span class='ocrx_word' id='word_1_181' title='bbox 1222 1828 1487 1864; x_wconf 88' lang='lat' dir='ltr'>convenientes</span> <span class='ocrx_word' id='word_1_182' title='bbox 1508 1838 1577 1865; x_wconf 91' lang='lat' dir='ltr'>suo</span> 
     </span>
     <span class='ocr_line' id='line_1_24' title="bbox 278 1894 1577 1941; baseline 0.001 -9"><span class='ocrx_word' id='word_1_183' title='bbox 278 1895 386 1932; x_wconf 89' lang='lat' dir='ltr'>modo</span> <span class='ocrx_word' id='word_1_184' title='bbox 411 1897 450 1931; x_wconf 81' lang='lat' dir='ltr'>et</span> <span class='ocrx_word' id='word_1_185' title='bbox 474 1904 541 1931; x_wconf 92' lang='lat' dir='ltr'>suo</span> <span class='ocrx_word' id='word_1_186' title='bbox 565 1894 714 1931; x_wconf 90' lang='lat' dir='ltr'>arbitrio</span> <span class='ocrx_word' id='word_1_187' title='bbox 737 1894 881 1940; x_wconf 85' lang='lat' dir='ltr'>egregie</span> <span class='ocrx_word' id='word_1_188' title='bbox 906 1896 946 1930; x_wconf 92' lang='lat' dir='ltr'>et</span> <span class='ocrx_word' id='word_1_189' title='bbox 970 1894 1175 1930; x_wconf 89' lang='lat' dir='ltr'>rectissime</span> <span class='ocrx_word' id='word_1_190' title='bbox 1196 1895 1397 1940; x_wconf 87' lang='lat' dir='ltr'>creavisse,</span> <span class='ocrx_word' id='word_1_191' title='bbox 1424 1905 1577 1941; x_wconf 88' lang='lat' dir='ltr'>pergam</span> 
     </span>
     <span class='ocr_line' id='line_1_25' title="bbox 277 1962 1576 2006; baseline 0.002 -8"><span class='ocrx_word' id='word_1_192' title='bbox 277 1971 426 1999; x_wconf 88' lang='lat' dir='ltr'>narrare</span> <span class='ocrx_word' id='word_1_193' title='bbox 458 1965 498 1998; x_wconf 87' lang='lat' dir='ltr'>et</span> <span class='ocrx_word' id='word_1_194' title='bbox 530 1962 715 1998; x_wconf 89' lang='lat' dir='ltr'>illustrare</span> <span class='ocrx_word' id='word_1_195' title='bbox 747 1962 955 1999; x_wconf 87' lang='lat' dir='ltr'>innocentis</span> <span class='ocrx_word' id='word_1_196' title='bbox 988 1962 1143 2006; x_wconf 88' lang='lat' dir='ltr'>puellae,</span> <span class='ocrx_word' id='word_1_197' title='bbox 1177 1971 1248 1998; x_wconf 87' lang='lat' dir='ltr'>non</span> <span class='ocrx_word' id='word_1_198' title='bbox 1275 1963 1350 1998; x_wconf 90' lang='lat' dir='ltr'>iam</span> <span class='ocrx_word' id='word_1_199' title='bbox 1375 1972 1485 1999; x_wconf 87' lang='lat' dir='ltr'>suam</span> <span class='ocrx_word' id='word_1_200' title='bbox 1509 1965 1576 2000; x_wconf 89' lang='lat' dir='ltr'>sed</span> 
     </span>
     <span class='ocr_line' id='line_1_26' title="bbox 276 2030 1238 2079; baseline 0 -13"><span class='ocrx_word' id='word_1_201' title='bbox 276 2030 420 2067; x_wconf 91' lang='lat' dir='ltr'>Iasonis</span> <span class='ocrx_word' id='word_1_202' title='bbox 445 2030 606 2067; x_wconf 84' lang='lat' dir='ltr'>salutem</span> <span class='ocrx_word' id='word_1_203' title='bbox 631 2030 817 2073; x_wconf 87' lang='lat' dir='ltr'>curantis,</span> <span class='ocrx_word' id='word_1_204' title='bbox 843 2030 1039 2067; x_wconf 85' lang='lat' dir='ltr'>candidum</span> <span class='ocrx_word' id='word_1_205' title='bbox 1064 2039 1238 2079; x_wconf 84' lang='lat' dir='ltr'>amorem.</span> 
     </span>
    </p>

    <p class='ocr_par' dir='ltr' id='par_1_4' title="bbox 276 2097 1576 2415">
     <span class='ocr_line' id='line_1_27' title="bbox 326 2097 1576 2144; baseline 0.002 -11"><span class='ocrx_word' id='word_1_206' title='bbox 326 2098 452 2142; x_wconf 87' lang='lat' dir='ltr'>Argus</span> <span class='ocrx_word' id='word_1_207' title='bbox 484 2098 617 2142; x_wconf 85' lang='lat' dir='ltr'>igitur,</span> <span class='ocrx_word' id='word_1_208' title='bbox 649 2100 694 2134; x_wconf 90' lang='lat' dir='ltr'>ut</span> <span class='ocrx_word' id='word_1_209' title='bbox 725 2097 848 2135; x_wconf 88' lang='lat' dir='ltr'>Iasoni</span> <span class='ocrx_word' id='word_1_210' title='bbox 875 2099 1113 2144; x_wconf 88' lang='lat' dir='ltr'>promiserat,</span> <span class='ocrx_word' id='word_1_211' title='bbox 1140 2098 1354 2143; x_wconf 87' lang='lat' dir='ltr'>Chalciopen</span> <span class='ocrx_word' id='word_1_212' title='bbox 1378 2098 1456 2134; x_wconf 89' lang='lat' dir='ltr'>adit</span> <span class='ocrx_word' id='word_1_213' title='bbox 1480 2108 1576 2144; x_wconf 84' lang='lat' dir='ltr'>quae</span> 
     </span>
     <span class='ocr_line' id='line_1_28' title="bbox 276 2164 1576 2212; baseline 0.002 -11"><span class='ocrx_word' id='word_1_214' title='bbox 276 2164 445 2201; x_wconf 87' lang='lat' dir='ltr'>Medeam</span> <span class='ocrx_word' id='word_1_215' title='bbox 476 2168 581 2211; x_wconf 87' lang='lat' dir='ltr'>roget</span> <span class='ocrx_word' id='word_1_216' title='bbox 609 2167 653 2202; x_wconf 91' lang='lat' dir='ltr'>ut</span> <span class='ocrx_word' id='word_1_217' title='bbox 677 2166 799 2203; x_wconf 85' lang='lat' dir='ltr'>Iasoni</span> <span class='ocrx_word' id='word_1_218' title='bbox 823 2175 930 2212; x_wconf 90' lang='lat' dir='ltr'>opem</span> <span class='ocrx_word' id='word_1_219' title='bbox 956 2166 1061 2203; x_wconf 76' lang='lat' dir='ltr'>ferat.</span> <span class='ocrx_word' id='word_1_220' title='bbox 1088 2166 1206 2203; x_wconf 85' lang='lat' dir='ltr'>Mater</span> <span class='ocrx_word' id='word_1_221' title='bbox 1225 2166 1271 2203; x_wconf 87' lang='lat' dir='ltr'>de</span> <span class='ocrx_word' id='word_1_222' title='bbox 1295 2169 1392 2203; x_wconf 87' lang='lat' dir='ltr'>sorte</span> <span class='ocrx_word' id='word_1_223' title='bbox 1417 2166 1576 2205; x_wconf 86' lang='lat' dir='ltr'>filiorum</span> 
     </span>
     <span class='ocr_line' id='line_1_29' title="bbox 276 2233 1576 2280; baseline 0.002 -10"><span class='ocrx_word' id='word_1_224' title='bbox 276 2233 433 2270; x_wconf 83' lang='lat' dir='ltr'>sollicita</span> <span class='ocrx_word' id='word_1_225' title='bbox 457 2235 496 2270; x_wconf 92' lang='lat' dir='ltr'>et</span> <span class='ocrx_word' id='word_1_226' title='bbox 520 2235 633 2271; x_wconf 87' lang='lat' dir='ltr'>anxia</span> <span class='ocrx_word' id='word_1_227' title='bbox 658 2234 749 2271; x_wconf 86' lang='lat' dir='ltr'>haec</span> <span class='ocrx_word' id='word_1_228' title='bbox 773 2235 854 2280; x_wconf 89' lang='lat' dir='ltr'>ipsa</span> <span class='ocrx_word' id='word_1_229' title='bbox 878 2233 953 2271; x_wconf 88' lang='lat' dir='ltr'>iam</span> <span class='ocrx_word' id='word_1_230' title='bbox 973 2236 1199 2280; x_wconf 88' lang='lat' dir='ltr'>cogitaverat</span> <span class='ocrx_word' id='word_1_231' title='bbox 1221 2235 1286 2271; x_wconf 89' lang='lat' dir='ltr'>sed</span> <span class='ocrx_word' id='word_1_232' title='bbox 1307 2234 1428 2271; x_wconf 88' lang='lat' dir='ltr'>inanis</span> <span class='ocrx_word' id='word_1_233' title='bbox 1449 2237 1576 2272; x_wconf 84' lang='lat' dir='ltr'>metus</span> 
     </span>
     <span class='ocr_line' id='line_1_30' title="bbox 276 2303 1576 2349; baseline 0.001 -10"><span class='ocrx_word' id='word_1_234' title='bbox 276 2306 553 2346; x_wconf 84' lang='lat' dir='ltr'>compescuerat</span> <span class='ocrx_word' id='word_1_235' title='bbox 572 2303 770 2348; x_wconf 84' lang='lat' dir='ltr'>quominus</span> <span class='ocrx_word' id='word_1_236' title='bbox 791 2303 959 2349; x_wconf 87' lang='lat' dir='ltr'>precibus</span> <span class='ocrx_word' id='word_1_237' title='bbox 980 2306 1125 2349; x_wconf 78' lang='lat' dir='ltr'>peteret</span> <span class='ocrx_word' id='word_1_238' title='bbox 1138 2303 1318 2339; x_wconf 89' lang='lat' dir='ltr'>Medeam:</span> <span class='ocrx_word' id='word_1_239' title='bbox 1340 2312 1434 2347; x_wconf 88' lang='lat' dir='ltr'>quae</span> <span class='ocrx_word' id='word_1_240' title='bbox 1446 2305 1576 2340; x_wconf 88' lang='lat' dir='ltr'>tamen</span> 
     </span>
     <span class='ocr_line' id='line_1_31' title="bbox 277 2370 1576 2415; baseline 0.003 -11"><span class='ocrx_word' id='word_1_241' title='bbox 277 2378 365 2405; x_wconf 89' lang='lat' dir='ltr'>mox</span> <span class='ocrx_word' id='word_1_242' title='bbox 402 2378 484 2405; x_wconf 91' lang='lat' dir='ltr'>eam</span> <span class='ocrx_word' id='word_1_243' title='bbox 521 2372 770 2414; x_wconf 86' lang='lat' dir='ltr'>praeventura</span> <span class='ocrx_word' id='word_1_244' title='bbox 806 2374 887 2407; x_wconf 88' lang='lat' dir='ltr'>erat</span> <span class='ocrx_word' id='word_1_245' title='bbox 923 2371 1128 2407; x_wconf 89' lang='grc'><strong>609-615.</strong></span> <span class='ocrx_word' id='word_1_246' title='bbox 1167 2370 1260 2414; x_wconf 81' lang='lat' dir='ltr'>Quid</span> <span class='ocrx_word' id='word_1_247' title='bbox 1284 2370 1438 2406; x_wconf 85' lang='lat' dir='ltr'>Medea?</span> <span class='ocrx_word' id='word_1_248' title='bbox 1475 2370 1576 2415; x_wconf 82' lang='lat' dir='ltr'>Quae</span> 
     </span>
    </p>
   </div>
  </div>
 </body>
</html>
