1874 2826
960 285 1005 320 78

376 390 419 427 In
458 391 695 436 sequentibus
732 390 777 426 de
815 389 964 426 Valerio
1001 389 1076 426 solo
1113 399 1223 436 agam
1260 391 1357 435 quod
1391 392 1510 429 multa
1533 393 1633 430 facta

327 459 486 494 inseruit
535 459 633 493 inter
682 458 985 502 Argonautarum
1034 457 1231 502 appulsum
1270 458 1309 493 in
1347 457 1554 495 Colchidem
1593 462 1634 496 et

328 529 544 563 nascentem
569 526 711 562 Iasonis
735 527 776 562 et
801 524 949 562 Medeae
974 534 1149 562 amorem.

377 595 495 631 Medio
519 595 595 630 fere
620 595 658 630 in
684 595 774 630 libro
798 594 928 638 quinto
954 594 1123 630 sollemni
1148 603 1238 630 voce
1264 604 1410 640 musam
1437 595 1605 633 invocat:

426 662 545 707 incipe
570 671 669 697 nunc
694 663 827 697 cantus
853 662 962 703 alios,
988 662 1076 707 dea,
1102 662 1258 706 visaque
1283 661 1388 698 vobis

425 728 625 764 Thessalici
649 729 696 764 da
721 728 815 764 bella
840 729 961 774 ducis,
987 738 1060 766 non
1086 738 1195 765 mens
1221 729 1328 774 mihi,
1354 738 1428 765 non
1452 730 1542 765 haec

424 804 488 832 ora
513 795 626 842 satis;
654 798 811 833 ventum
836 796 882 832 ad
907 796 1023 832 furias
1047 796 1267 841 infandaque
1292 798 1403 832 natae

423 865 571 901 foedera
596 867 635 901 et-
660 865 841 902 horrenda
866 865 1050 910 trepidam
1076 866 1146 901 sub
1172 864 1314 909 virgine
1338 873 1520 911 puppem;

424 934 539 978 impia
564 934 811 970 monstriferis
836 936 994 979 surgunt
1019 933 1094 969 iam
1119 932 1256 978 proelia
1279 933 1432 978 campis.

425 1001 529 1037 Ante
554 1001 675 1046 dolos,
700 1004 789 1037 ante
814 1001 916 1037 infidi
941 1004 1067 1037 tamen
1093 1009 1255 1044 exequar
1282 1003 1390 1036 astus

427 1068 618 1113 Soligenae
644 1069 720 1105 falli
746 1069 869 1105 meriti
895 1069 1092 1114 meritique
1118 1068 1272 1113 relinqui

428 1137 511 1173 inde
537 1146 684 1172 canens.

377 1205 419 1241 In
445 1206 505 1241 his
526 1214 658 1241 versus
676 1205 750 1241 2:20
773 1205 940 1252 „foedera
961 1207 1000 1241 et
1022 1205 1199 1241 horrenda
1213 1205 1395 1250 trepidam
1410 1205 1479 1241 sub
1490 1205 1631 1250 virgine

327 1271 515 1318 puppem”
540 1272 678 1308 Valerii
705 1272 931 1316 imperitiam
955 1273 993 1308 in
1019 1272 1140 1308 lucem
1160 1273 1317 1317 profert:
1345 1282 1504 1317 quonam
1526 1273 1632 1309 modo

325 1350 412 1377 cum
437 1340 563 1376 favore
588 1341 756 1385 excipere
781 1341 986 1385 poterimus
1006 1350 1170 1376 amorem
1192 1341 1353 1386 puellae,
1375 1350 1487 1384 quam
1500 1340 1631 1376 statim

327 1408 500 1445 audimus
521 1417 594 1444 non
616 1408 853 1444 innocentem
874 1417 957 1444 esse
970 1417 1089 1452 neque
1102 1417 1248 1453 puram,
1270 1408 1335 1444 sed
1348 1417 1442 1452 quae
1454 1408 1634 1444 horrenda

325 1478 463 1513 nautas
499 1485 635 1521 pavore
671 1476 931 1521 perturbatura
968 1476 1051 1511 sit?
1088 1475 1263 1513 Venefica
1295 1476 1416 1520 virgo,
1441 1475 1568 1512 fratris
1593 1478 1632 1512 et

327 1545 524 1582 liberorum
536 1544 768 1582 interfectrix
779 1572 789 1587 ‚
812 1544 893 1581 dira
905 1544 1047 1581 Iasonis
1059 1544 1232 1590 perfidiae
1245 1544 1362 1581 ultrix
1372 1571 1382 1591 ,
1396 1553 1510 1589 quam
1522 1543 1632 1581 caede

328 1615 522 1648 cruentam
547 1621 678 1648 currus
702 1613 920 1647 draconibus
943 1612 1093 1648 iunctus
1113 1613 1150 1647 in
1172 1612 1307 1648 Asiam
1323 1614 1541 1648 revectums
1552 1613 1631 1657 est,

326 1682 416 1716 ante
451 1679 574 1715 oculos
608 1679 738 1723 surgit.
774 1678 855 1714 Non
891 1679 1008 1714 semel
1041 1679 1106 1714 sed
1141 1680 1289 1724 saepius
1312 1678 1484 1715 Valerius
1508 1679 1632 1715 futura

329 1747 542 1792 significans
567 1747 768 1791 virginem,
794 1756 907 1790 quam
931 1746 1147 1790 Apollonius
1177 1747 1286 1782 finxit
1320 1747 1457 1782 scelere
1480 1747 1630 1783 liberam

328 1824 450 1859 neque
483 1824 523 1850 se
555 1814 676 1859 ipsam
710 1815 903 1850 curantem
936 1810 1135 1849 dummodo
1168 1813 1294 1850 Phrixi
1332 1813 1397 1850 filii
1434 1815 1472 1850 et
1504 1814 1630 1859 Iason,

326 1894 455 1920 carum
477 1886 606 1928 caput,
634 1883 795 1919 salutem
809 1882 1119 1923 nanciscerentur,
1138 1881 1405 1918 contaminavit
1416 1884 1631 1926 argumento

326 1952 436 1998 plano
469 1952 636 1993 mutato,
671 1950 767 1995 quod
802 1949 987 1994 ValeriuS‚
1023 1949 1091 1984 hac
1123 1958 1163 1985 re
1196 1958 1339 1994 quoque
1364 1950 1410 1986 ab
1441 1949 1631 1995 Apollonio

327 2020 519 2063 differens,
544 2021 599 2056 ita
622 2019 916 2064 amplificaturus
941 2020 1022 2054 erat
1046 2020 1090 2054 ut
1107 2018 1244 2054 scelera
1264 2020 1304 2054 et
1324 2018 1463 2063 flagitia
1482 2018 1631 2055 Medeae

326 2088 645 2132 complecteretur.
682 2086 809 2130 Neque
835 2085 1005 2120 versibus
1028 2085 1222 2121 222—223
1247 2088 1361 2131 „ante
1382 2085 1484 2123 infidi
1504 2087 1630 2122 tamen

326 2166 488 2200 exequar
520 2158 628 2192 astus
662 2155 852 2199 Soligenae
885 2153 961 2189 falli
994 2153 1117 2189 meriti
1147 2154 1342 2198 meritique
1367 2154 1522 2198 relinqui
1546 2153 1631 2190 inde

326 2222 493 2260 canens''
526 2224 685 2259 excusat
718 2221 852 2264 filiam,
880 2230 968 2256 nam
995 2220 1054 2266 (cf.
1082 2222 1104 2256 5
1130 2233 1139 2256 :
1165 2220 1373 2267 490—491)
1398 2221 1436 2257 in
1461 2221 1630 2258 Iasonem

326 2302 373 2328 ne
399 2292 584 2337 hospitem
608 2290 758 2335 quidem
784 2292 824 2325 et
849 2289 968 2325 vellus
992 2298 1146 2325 aureum
1167 2292 1379 2334 erepturum
1409 2289 1485 2333 regi
1506 2288 1630 2325 omnia

327 2359 449 2396 conari
475 2359 620 2395 licebat.
