1874 2826
988 286 1037 322 90

353 392 528 429 manibus
553 392 683 437 religat
707 391 828 427 crines
853 391 1034 434 (36-52).
1059 391 1232 437 Egregrie
1257 394 1297 428 et
1321 401 1456 439 magno
1480 394 1600 440 lepore
1623 392 1659 440 1)

353 460 571 505 Apollonius
602 460 713 495 finxit
744 460 983 504 colloquium,
1011 469 1084 504 quo
1107 459 1237 496 Venus
1262 461 1467 505 nequitiam
1492 461 1659 506 queritur

353 527 483 565 lascivi
506 527 591 573 filii,
616 527 680 571 qui
704 526 837 563 matris
861 527 1124 563 auctoritatem
1148 527 1254 572 parvi
1274 527 1387 565 faciat
1405 528 1513 574 eique
1525 529 1659 566 minari

353 605 633 641 nonnumquam
657 595 793 632 audeat
817 593 1019 643 (90—100)
1049 597 1089 632 et
1112 596 1202 632 deae
1223 596 1419 634 irridentes
1439 606 1524 634 eam
1536 606 1658 635 conso-

354 665 422 701 lari
447 666 647 701 conantur:

671 730 729 767 καὶ
755 730 804 773 μή
829 743 863 766 τι
884 731 1084 776 χαλέπτεο,
1110 732 1158 774 μὴ
1185 731 1359 780 δ’ἒρίδαινε

525 799 679 843 χωομένη
704 800 748 843 σῷ
775 799 884 834 παιδί·
912 798 1124 841 μεταλλήξει
1148 799 1216 843 γὰρ
1239 799 1374 835 ὀπίσσω.

401 867 693 905 Pulcherrimam
737 866 1002 913 digressionem
1046 868 1203 905 inseruit.
1235 868 1451 914 Apollonius
1494 868 1658 916 (dignam

351 936 595 981 Hispaniensi
611 936 750 981 pictore
768 934 924 982 Murillo)
937 936 1000 972 ubi
1013 936 1172 982 legimus
1185 936 1336 974 Erotem
1349 939 1388 973 et
1402 936 1657 983 Ganymedem

351 1005 440 1042 talis
465 1005 638 1042 ludentes
665 1006 735 1042 119
761 1014 858 1050 seq.:

551 1072 608 1108 καὶ
633 1074 659 1116 ῥ’
685 1073 700 1107 ὀ
726 1072 789 1115 μὲν
813 1073 872 1114 ἤδη
897 1072 1050 1115 πάμπαν
1075 1072 1224 1108 ἐνίπλεον
1249 1070 1272 1117 ᾧ
1297 1073 1361 1109 ὑπὸ
1387 1072 1486 1118 μαζῷ

551 1140 683 1185 μάργος
709 1142 817 1185 ’Έρως
842 1141 940 1182 λαίης
964 1140 1150 1185 ὑποίσχανε
1176 1142 1288 1186 χειρὸς
1312 1142 1475 1184 ἀγαστὸν,

556 1209 651 1254 ὀρθὸς
677 1209 861 1253 ἐφεστηώς·
889 1210 1046 1253 γλυκερὸν
1071 1210 1108 1245 δὲ
1133 1211 1161 1245 οἱ
1185 1210 1282 1254 ἀμφὶ
1307 1210 1453 1254 παρειὰς

550 1283 645 1323 χροιῇ
670 1277 804 1314 θάλλεν
831 1277 973 1322 ἔρευθος.
1000 1276 1015 1313 ὃ
1039 1277 1220 1321 &maffia
1245 1278 1383 1315 ὀκλαδὸν
1408 1276 1485 1320 ἧστο

550 1351 633 1390 σῖγα
659 1347 859 1392 κατηφιόων·
885 1347 958 1383 δοιὼ
984 1347 1117 1392 δ’ἔχεν,
1147 1347 1250 1383 ἄλλον
1277 1348 1436 1388 ἔτάὔτως

552 1414 646 1459 ἄλλῳ
672 1414 872 1460 ἐπιπροιεὶς,
893 1416 1064 1459 κεχόλωτο
1089 1416 1126 1451 δὲ
1151 1415 1392 1460 καγχαλόωντι

551 1482 609 1518 καὶ
634 1484 698 1525 μὴν
723 1482 797 1523 τούς
821 1495 863 1525 γε
890 1484 1061 1527 παρᾶσσον
1087 1483 1144 1518 ἐπὶ
1171 1483 1368 1528 προτέροισιν
1392 1483 1534 1523 ὀλέσσας

553 1551 599 1593 βῆ
623 1553 750 1591 κενεᾶις
775 1551 832 1586 σὺν
857 1551 972 1595 χερσὶν
998 1552 1198 1596 ἀμήχανος,
1224 1551 1417 1593 οὐδ’ἒνᾶησεν

553 1619 677 1664 Κύπριν
703 1619 938 1662 ἐπιπλομένην.

405 1689 574 1734 Nequam
598 1691 638 1725 et
662 1689 824 1725 lascivus
849 1698 940 1733 puer
963 1699 987 1725 a
1007 1692 1128 1726 matre
1147 1691 1299 1733 rogatus
1324 1688 1491 1725 Medeam
1515 1689 1657 1726 Aeetae

355 1758 472 1794 filiam
508 1757 648 1801 sagitta
683 1766 899 1800 percussam
936 1766 1061 1793 amore
1093 1756 1232 1800 replere
1269 1756 1353 1792 vult
1384 1757 1553 1802 quidem,
1591 1757 1656 1793 sed

353 1826 468 1860 antea
504 1823 701 1868 sphaeram
737 1832 890 1859 auream
926 1823 1047 1868 poscit
1081 1832 1105 1858 a
1141 1825 1282 1865 matre,
1306 1832 1399 1868 quae
1423 1824 1655 1860 iureiurando

353 1891 538 1937 petulanti
570 1890 645 1925 filio
677 1889 868 1934 pollicetur
899 1899 940 1924 se
972 1889 1145 1925 daturam
1169 1898 1251 1925 esse
1276 1891 1310 1925 ei
1335 1890 1472 1926 donum
1496 1891 1655 1935 optabile

352 1962 553 2005 postquam
578 1966 733 1994 munere
755 1957 908 1993 functus
930 1957 991 1993 sit.
1497 1956 1500 1960 '

403 2027 504 2071 Quae
530 2027 759 2071 sequuntur,
783 2025 894 2069 digna
919 2033 1063 2069 quoque
1086 2027 1193 2071 sunt,
1219 2034 1313 2071 quae
1338 2034 1542 2062 memorem
1554 2024 1657 2073 (154)

398 2199 431 2239 1)
453 2198 566 2231 Mirum
588 2200 635 2231 est
657 2196 737 2238 quod
760 2196 855 2229 Couat
877 2195 953 2227 dixit
974 2205 1005 2236 p.
1020 2195 1095 2229 306.
1122 2197 1203 2229 Lem·
1224 2198 1334 2238 longue
1356 2200 1499 2231 entrevue
1522 2199 1563 2232 du
1584 2199 1658 2232 troi-

351 2257 444 2290 sieme
476 2257 584 2296 ebant,
619 2257 658 2290 ou
687 2256 719 2288 la
741 2254 864 2297 passion
885 2263 918 2287 se
940 2254 1096 2288 dissimulo
1117 2265 1188 2289 sous
1209 2257 1255 2290 les
1275 2257 1383 2290 dehors
1405 2258 1442 2290 de
1462 2258 1494 2291 la
1515 2258 1657 2300 politesse

350 2318 382 2349 et
413 2316 455 2349 du
477 2316 675 2350 saveir-vivre
698 2316 739 2356 (3³)
761 2313 925 2347 ressemble
947 2313 1016 2346 bien
1038 2322 1097 2355 peu
1118 2323 1178 2347 aux
1199 2313 1414 2349 deliberations
1435 2317 1658 2351 tumultuatim

351 2376 404 2408 des
426 2376 514 2408 (lieux
537 2376 573 2409 de
595 2375 727 2408 l'Iliade.
