1874 2826
887 282 958 319 119

494 388 574 423 ἀλλ’
601 388 649 424 ἔτ’
675 388 888 431 ἀηθέσσουσα
911 388 990 429 δύης
1013 387 1070 423 καὶ
1083 386 1211 423 ’δούλια
1237 385 1320 430 ἔργα

494 453 573 492 εἶσιν
598 457 783 500 ἀτυζομένη
808 457 976 502 χαλεπὰς
1000 457 1063 491 ὑπο
1088 459 1209 500 χεῖρας
1234 454 1393 495 οὶνοὶσσης·

494 524 562 567 τοίη
588 524 628 570 ἂρ
651 525 830 571 ἱμερόεσσα
854 524 961 572 δόμων
986 518 1142 568 ἐξέσσυτο
1167 522 1272 568 κούρη.

395 593 482 630 Sine
506 595 665 639 strepitu
690 586 809 639 aperit
832 596 983 631 ianuam
1006 594 1115 630 celeri
1140 594 1353 630 cantatione

441 664 612 703 γυμνοῖσιν
636 660 673 696 δὲ
698 660 857 696 πόδεσσιν
881 661 947 695 aim
972 660 1104 700 στεινὰς
1129 659 1207 695 θέεν
1232 659 1361 703 οἴμους,

443 733 523 771 λαιῇ
547 729 610 770 μὲν
635 728 712 772 χερὶ
738 728 868 763 πέπλον
892 729 946 763 ἐπ’
973 727 1107 772 ὀφρύσιν
1132 728 1229 771 οὶμΦι
1255 727 1403 769 μέτωπα

443 794 647 837 στειλαμένη
671 794 728 829 καὶ
751 795 846 830 καλοὶ
871 795 1016 839 παρήια,
1043 793 1190 838 δεξιτερῇ
1215 795 1252 829 δὲ

443 862 542 906 ἄκρην
566 861 670 905 ὑψόθι
697 861 806 905 πέζαν
829 860 1038 906 ἀερτάζουσα
1063 864 1214 905 χιτῶνος.
1240 862 1418 908 (43—46)

319 929 373 965 Ob
405 938 537 966 versus
570 931 593 966 3
619 941 629 964 t
655 930 727 966 874
760 933 799 967 et
832 931 905 967 875
938 930 1014 966 iam
1048 929 1223 965 maximis
1257 929 1426 966 laudibus
1460 929 1570 974 Apol-

270 997 410 1034 lonium
424 999 549 1038 extuli
570 999 634 1035 sed
655 1000 723 1035 hoc
743 999 820 1035 loco
838 998 997 1035 adiciam
1016 998 1184 1034 Medeam
1207 999 1274 1034 hoc
1295 998 1403 1034 modo
1415 998 1568 1035 sinistra

270 1076 384 1104 manu
412 1066 560 1113 peplum
592 1068 704 1104 circa
719 1067 880 1104 frontem
911 1069 952 1103 et
976 1066 1146 1112 pulchras
1173 1075 1287 1111 genas
1311 1066 1569 1103 detrahentem

269 1137 308 1171 et
332 1135 448 1172 altera
473 1135 666 1172 tollentem
691 1145 793 1172 oram
819 1136 966 1172 tunicae
991 1136 1082 1172 mihi
1106 1136 1144 1171 in
1168 1135 1385 1172 memoriam
1398 1145 1569 1173 revocare

267 1204 416 1239 statuas
447 1203 743 1248 elegantissimas
775 1203 963 1248 Tanagrae
996 1204 1034 1239 in
1070 1203 1304 1248 sarcophagis
1330 1203 1503 1239 inventas
1528 1206 1568 1240 et

268 1272 422 1308 monebo
455 1274 618 1308 aetatem
652 1271 811 1308 labantis
836 1271 1077 1317 Graecitatis,
1103 1274 1146 1307 ut
1171 1270 1282 1317 vulgo
1306 1271 1458 1314 dicitur,
1485 1274 1566 1309 arte

267 1348 340 1374 non
365 1341 445 1375 tam
470 1339 596 1384 grandi
621 1348 734 1383 quam
757 1338 970 1384 gratissima
995 1341 1035 1375 et
1055 1339 1102 1374 ad
1122 1339 1322 1375 veritatem
1336 1340 1564 1376 natura-eres

266 1410 306 1444 et
327 1408 496 1445 homines
514 1408 713 1454 effingente
733 1400 776 1445 in'
792 1407 851 1445 liis
871 1417 1015 1453 quoque
1036 1407 1238 1453 principem
1251 1407 1372 1445 locum
1385 1405 1560 1446 obtinere.

314 1476 415 1513 Urbe
447 1477 638 1521 egrediens
671 1476 842 1513 custodes
867 1477 960 1513 latet
984 1478 1024 1512 et
1047 1476 1152 1512 Luna
1176 1478 1399 1521 agnoscente
1423 1485 1497 1513 non
1521 1486 1562 1513 se

266 1545 381 1581 solam
401 1545 534 1582 amori
571 1544 806 1582 succubuisse
843 1544 907 1581 sed
945 1545 1057 1581 sortis
1090 1545 1253 1581 eiusdem
1280 1545 1399 1581 socias
1424 1545 1562 1582 multas

266 1613 398 1648 habere
427 1613 535 1658 (quae
567 1613 691 1648 brevis
716 1612 892 1657 digressio
916 1612 1115 1648 admodum
1138 1612 1391 1649 Alexandrina
1412 1616 1473 1649 est
1497 1614 1562 1650 sed

265 1680 398 1726 faceta)
418 1680 544 1717 Medea
566 1685 735 1726 properat
757 1680 804 1716 ad
816 1680 958 1725 ignem,
981 1689 1092 1724 quem
1105 1680 1342 1725 Argonautae
1359 1681 1562 1717 certamine

264 1749 406 1786 Iasonis
439 1749 584 1794 egregie
609 1748 768 1794 perfecto
793 1748 1041 1785 incenderant.
1076 1748 1217 1785 Deinde
1242 1749 1458 1794 Apollonius
1483 1752 1562 1786 tam

265 1826 353 1853 vere
379 1826 491 1862 quam
516 1818 683 1853 suaviter
708 1816 902 1861 descripsit
928 1816 1093 1852 Medeam
1116 1826 1250 1861 magna
1264 1826 1353 1853 voce
1366 1820 1560 1854 vocantem

264 1885 444 1922 Phrontin
476 1885 629 1921 fratrem
656 1884 853 1921 minimum
879 1886 990 1927 natu,
1015 1885 1253 1929 Argonautas
1277 1886 1430 1921 obscura
1454 1887 1560 1921 nocte

263 1951 430 1990 celeriter
453 1953 500 1990 ad
524 1953 876 1999 eam'remigantes‚
901 1953 1070 1989 Iasonem
1095 1954 1307 1990 retinaculis
1332 1954 1439 1989 navis
1460 1954 1560 1999 ripae

263 2022 427 2058 nondum
452 2022 599 2057 iniectis
619 2021 784 2058 maximo
808 2022 893 2058 nisu
917 2022 954 2057 in
981 2023 1120 2057 terram
1145 2021 1376 2058 desilientem
1401 2021 1558 2057 66—82.

264 2089 393 2126 Medea
430 2089 572 2126 Iasonis
607 2098 715 2134 opem
751 2089 952 2134 implorans
984 2091 1155 2134 precatur
1189 2091 1232 2126 ut
1265 2098 1390 2126 secum
1415 2088 1560 2126 auferat

261 2166 381 2202 neque
407 2158 563 2194 orbitate
588 2159 826 2202 cognatorum
851 2157 1028 2194 infamem
1053 2159 1172 2203 ipsam
1198 2158 1335 2195 reddat.

434 2223 522 2259 ἰ’σκεν
548 2224 753 2268 ἀκηχεμένη·
778 2224 874 2268 μέγα
899 2224 935 2261 δὲ
961 2225 1079 2269 Φρένες
1104 2225 1280 2261 Αἰσονίδαο

434 2291 566 2334 γήθεον·
592 2290 684 2336 αἶψα
708 2293 745 2328 δέ
771 2307 829 2336 μιν
854 2307 928 2338 περι
952 2293 1086 2336 γούνασι
1112 2297 1299 2334 πεπτηυῖαν

435 2357 486 2400 ἦκ’
512 2359 739 2404 ἀναειρόμενος
763 2360 1019 2405 προσπτύξατο,
1044 2360 1204 2404 θάρσυνέν
1228 2373 1267 2396 τε
1293 2362 1477 2409 (92—94).
