1874 2826
902 262 949 298 24

446 376 506 412 νῆα
530 369 560 406 δ’
587 368 753 411 Ἀθηναίη
777 368 925 406 Παλλὰς
949 367 1079 411 κάμεν,
1103 368 1138 404 οὐ
1164 367 1265 411 μάλα
1286 367 1393 410 τοίην,

446 432 512 470 οἷαί
536 445 596 477 περ
622 432 782 477 Κόλχοισι
808 433 886 475 μετ’
913 431 1052 477 ἀνδράσι
1077 437 1150 474 νῆες
1175 431 1287 473 ἔασιν,

445 497 532 533 τάων
556 495 731 538 αἰνοτάτης
757 495 998 541 ἐπεκύρσαμεν·
1024 494 1133 538 ἤλιθα
1156 495 1224 541 γάρ
1248 509 1307 539 μιν

445 559 570 605 λάβρον
595 559 677 604 ὕδωρ
704 560 797 601 πνοιή
821 573 860 595 τε
885 559 1083 603 διέτμαγεν.
1108 558 1127 601 ἣ
1152 559 1231 595 δ’ἔνι
1255 558 1406 604 γόμφοις

446 624 607 668 ἴσχεται,
633 623 670 665 ἣν
694 623 752 659 καὶ
778 624 890 659 πᾶσαι
917 623 1131 668 ἐπιβρίσωσιν
1155 622 1291 660 ἄελλαι.

445 685 511 723 ἴσον
534 686 607 730 δ’ἐξ
633 686 768 730 οὶνέμοιο
792 685 866 723 θέει
891 686 949 722 καὶ
974 685 1022 722 ὅτ’
1049 686 1162 732 οὶνέρες
1187 686 1281 722 αὐτοὶ

445 750 618 792 νωλεμέως
645 750 813 794 χείρεσσιν
839 749 1090 794 ἐπισπέρχωσιν
1116 750 1278 794 ἐρετμοῖς.

274 820 335 856 ubi
372 820 417 856 de
456 820 565 856 navis
601 820 743 857 virmte
767 820 904 866 Argus,
942 819 1070 856 Phrixi
1102 819 1201 856 filius
1225 819 1361 856 narrat.
1400 819 1578 856 Animad-

275 888 496 924 vertendum
534 890 595 924 est
632 888 867 932 Apollonium
896 887 932 932 1)
965 888 1109 923 fabulae
1131 888 1311 933 originem
1333 889 1372 923 et
1397 888 1578 923 rationem

275 958 368 993 bene
392 957 637 1002 perspexisse.
663 956 704 992 In
731 956 878 992 exordio
904 956 1005 992 enim
1028 956 1104 992 iam
1130 956 1256 992 monui
1279 955 1325 991 de
1351 955 1579 1001 Argonautis

277 1025 451 1068 mythum
495 1024 585 1059 nihil
631 1033 713 1059 esse
759 1024 832 1059 nisi
878 1024 1096 1059 memoriam
1142 1024 1343 1059 multorum
1386 1033 1409 1059 a
1441 1023 1579 1067 Minyis

275 1091 458 1127 factorum
482 1091 670 1137 itinerum,
696 1100 767 1135 quo
789 1090 897 1127 modo
908 1090 1021 1127 iidem
1035 1091 1194 1128 colonias
1208 1100 1275 1137 per
1287 1090 1406 1127 maria
1421 1090 1578 1127 deduxe-

275 1160 351 1194 rint
388 1162 428 1194 et
464 1160 571 1202 primi
608 1159 765 1194 fortasse
799 1159 962 1195 Pontum
998 1153 1185 1195 Euxinum
1217 1159 1441 1195 intraverint
1466 1161 1507 1194 et
1531 1168 1576 1194 ea

276 1225 428 1262 audacia
465 1225 698 1271 cyanearum
744 1226 893 1272 rupium
938 1228 1065 1263 metus
1110 1235 1198 1262 mox
1243 1225 1449 1262 evanuerit.
1501 1224 1580 1270 Quo

276 1296 404 1330 autem
443 1295 535 1330 mari
561 1295 724 1331 nondum
750 1296 894 1331 recluso
919 1295 996 1331 iam
1020 1295 1083 1331 diu
1108 1295 1334 1339 navigationi
1359 1294 1581 1330 studuerant

276 1361 441 1406 Minyae,
467 1361 627 1406 pericula
653 1361 769 1397 maris
789 1364 1037 1406 cognoverant
1054 1370 1173 1405 neque
1188 1362 1419 1397 verebantur.
1443 1361 1579 1397 Itinere

278 1429 578 1474 Argonautarum
598 1430 688 1466 nihil
710 1431 796 1466 novi
817 1439 936 1474 neque
957 1430 1113 1466 inauditi
1125 1429 1267 1465 factum
1280 1430 1357 1470 est,
1371 1438 1439 1464 nec
1454 1429 1579 1464 minus

277 1496 470 1532 hominum
494 1497 755 1533 commercium
782 1496 841 1533 vel
868 1506 990 1533 mores
1003 1496 1140 1533 mutati
1155 1499 1256 1532 sunt.
1269 1496 1387 1541 Igitur
1400 1505 1473 1532 non
1487 1505 1580 1541 opus

278 1567 359 1601 erat
391 1566 604 1601 interventu
628 1565 789 1602 Deorum
814 1575 883 1602 nec
906 1565 1090 1602 conciliis:
1117 1575 1189 1601 non
1216 1564 1318 1601 enim
1343 1565 1580 1609 Argonautae

278 1633 394 1669 maris
418 1633 706 1670 dominationem
731 1644 754 1670 a
778 1634 850 1670 diis
877 1634 1013 1670 invidis
1033 1634 1072 1670 in
1085 1643 1125 1669 se
1138 1634 1295 1670 tracturi
1308 1635 1426 1678 erant,
1439 1634 1482 1668 ut
1495 1632 1581 1669 Pro·

279 1702 452 1738 metheus
477 1702 563 1738 olim
589 1712 609 1738 e
635 1703 733 1739 coelo
753 1704 877 1748 ignem
899 1703 997 1739 furto
1018 1702 1247 1755 subduxerat
1259 1702 1346 1738 Iove
1359 1702 1495 1743 invito,
1509 1711 1581 1746 quo

277 1769 485 1806 recentium
518 1770 709 1806 hominum
738 1780 859 1806 mores
885 1770 1026 1806 leniret.
1053 1770 1172 1806 Multa
1197 1771 1325 1805 autem
1351 1769 1426 1805 iam
1463 1769 1581 1805 maria

277 1838 475 1883 patebant,
508 1848 625 1873 unum
654 1841 803 1874 tantum
827 1840 995 1884 ignotum
1020 1839 1184 1885 aperturi
1210 1840 1317 1874 erant
1329 1838 1579 1882 Argonautae.

325 1904 521 1941 Praeterea
557 1915 580 1940 a
617 1905 756 1941 Graeca
780 1908 905 1943 mente
927 1909 967 1943 et
988 1907 1107 1943 indole
1133 1907 1296 1942 alienum
1322 1907 1402 1941 erat
1427 1905 1583 1941 timores

277 1974 316 2009 et
361 1973 542 2017 pericula,
586 1982 679 2017 quae
717 1973 836 2017 prima
872 1983 966 2009 nave
1004 1974 1192 2010 maritima
1229 1973 1328 2009 vecti
1366 1973 1580 2016 habuerint,

277 2050 403 2077 secum
439 2043 612 2087 reputare
649 2042 689 2076 et
725 2041 770 2076 de
804 2041 849 2076 iis
883 2041 1045 2078 fabulam
1071 2050 1297 2087 componere.
1324 2041 1360 2077 A
1385 2050 1455 2086 quo
1480 2030 1581 2078 enim

320 2128 353 2170 1)
387 2129 431 2161 Ut
463 2128 567 2169 plures
600 2127 752 2168 aequales.
786 2127 820 2159 cf
849 2127 965 2160 Charax
987 2128 1020 2159 in
1041 2127 1152 2160 Eusth.
1176 2127 1215 2160 ad
1236 2127 1328 2160 Dion.
1351 2128 1475 2169 Perieg,
1500 2128 1583 2161 687:

271 2182 379 2216 ἱστορεῖ
395 2180 425 2208 δὲ
448 2180 545 2216 Χάραξ
562 2180 629 2212 τοῦς
647 2178 843 2215 Ἀργοναύτας
863 2178 894 2206 οὗ
915 2181 965 2215 μιᾷ
985 2179 1027 2211 νηὶ
1044 2170 1129 2207 ἄλλοιΔ
1141 2180 1258 2211 πολλοῖς
1276 2179 1392 2212 πλοίοις.
1411 2180 1450 2212 εἷς
1459 2182 1582 2209 πλεῦσαι

274 2228 323 2255 τὸν
342 2227 474 2262 Εὔξεινον.
1355 2234 1363 2241 ·

320 2281 466 2313 Nonnulli
499 2281 605 2313 dicunt
638 2280 782 2312 Danaum
816 2279 946 2319 primam
979 2288 1087 2311 navem
1121 2280 1339 2319 construxisse,
1369 2289 1428 2321 quo
1458 2281 1586 2321 apparet

276 2334 337 2366 iam
359 2335 392 2366 in
414 2334 536 2367 Graecis
558 2334 682 2375 scriptis
704 2334 759 2366 hoc
784 2333 899 2365 factum
923 2333 955 2365 in
978 2333 1122 2365 remotius
1144 2335 1264 2375 tempus
1287 2334 1455 2367 recessisse.
