1874 2826
867 272 914 309 29

242 375 405 423 (Valerio
453 377 614 424 auctore)
652 377 745 415 fines
781 379 1028 416 humanitatis
1068 378 1222 415 dilatare
1258 377 1360 414 ausis
1395 376 1542 414 officiat.

244 446 342 482 Juno
365 445 599 491 Argonautas
624 450 774 484 tantum
798 448 971 493 adiuvat,
1001 448 1098 493 quod
1122 447 1231 483 Iason
1249 455 1385 491 magna
1403 447 1546 490 tempe-

245 515 347 550 state
383 517 510 551 exorta
546 524 630 551 eam
666 524 731 559 per
755 515 895 552 flumen
919 515 1102 561 Enipeum
1128 515 1244 551 latam
1268 515 1307 550 in
1331 514 1416 550 tuto
1440 512 1545 557 depo-

179 613 183 615 .
243 584 383 618 suerat.
416 582 595 619 Iunonem
626 586 754 620 autem
782 584 992 621 Pronubam
1016 584 1245 629 Argonautis
1267 583 1425 627 favisse,
1450 582 1546 626 quod

245 650 323 686 iam
345 650 463 686 multo
486 653 573 686 ante
598 652 723 695 spreta
746 652 848 687 esset
864 652 911 687 ab
923 651 1012 687 Inoa
1025 651 1183 692 familia,
1201 653 1241 686 et
1253 650 1405 686 heredes
1417 649 1545 685 Phrixi

244 717 374 762 dignos
398 727 499 762 esse,
525 717 589 762 qui
614 717 766 754 deorum
789 719 937 763 reginae
960 728 1027 763 ope
1048 718 1184 754 vellere
1195 727 1305 754 aureo
1316 718 1544 763 potirentur,

244 783 417 821 Valerius
440 793 513 820 non
537 784 725 829 cogitavit.
749 785 805 822 At
827 786 955 822 Mars?
979 795 1070 822 num
1094 795 1205 822 aurea
1215 786 1277 822 illa
1291 786 1425 830 praeda
1437 786 1546 823 tanta

245 854 337 897 erat,
349 862 463 897 quam
475 852 566 889 deus
578 853 795 890 mortalibus
807 853 991 890 invideret
999 854 1019 889 ’Β
1032 854 1194 890 Videsne
1206 854 1281 890 iam
1289 881 1299 900 ,
1314 864 1425 899 quam
1437 854 1546 891 cadu-

246 931 333 958 cum
357 921 409 957 sit
432 921 632 966 palatium,
658 922 753 966 quod
776 921 948 958 Valerius
972 922 1147 957 inanibus
1168 922 1319 959 sedlate
1331 923 1545 959 sonantibus

248 989 384 1025 ictibus
396 988 467 1024 sibi
478 988 735 1024 exstruxerit?
750 988 794 1026 Ι11
806 988 1027 1025 Promethea
1038 988 1160 1025 fabula
1172 989 1318 1025 inerant
1329 991 1546 1034 argumenta

240 1056 461 1102 ,gravissimi
496 1057 685 1102 ponderis,
722 1058 849 1093 utrum
882 1057 986 1102 igne,
1013 1066 1160 1094 summo
1182 1057 1244 1094 illo
1266 1058 1359 1094 bono
1383 1060 1424 1094 et
1448 1059 1547 1094 vitae

243 1125 366 1170 ,ipsius
390 1124 650 1171 fundamento,
676 1134 698 1161 e
722 1124 820 1161 coelo
845 1124 1002 1162 deducto
1026 1126 1066 1161 et
1085 1125 1238 1170 imperio
1258 1126 1355 1162 orbis
1367 1127 1550 1162 terrarum

249 1203 386 1238 magna
409 1203 430 1229 0
453 1195 559 1238 parte
584 1194 656 1229 diis
680 1194 771 1238 ipsis
805 1196 948 1238 erepto,
974 1194 1101 1230 liceret
1127 1195 1288 1230 humano
1313 1195 1437 1239 generi
1461 1203 1551 1230 arva

243 1261 370 1297 moliri
401 1260 496 1296 ferro
529 1261 765 1305 moribusque
797 1260 895 1297 inter
928 1270 969 1297 se
993 1262 1052 1297 uti
1076 1264 1116 1297 et
1140 1262 1281 1306 legibus
1304 1271 1352 1297 an
1377 1261 1550 1298 feriarum

250 1339 352 1367 more
376 1329 507 1366 rudem
531 1329 649 1365 vitam
675 1330 822 1366 trahere
844 1332 1050 1375 pergerent.
1068 1329 1196 1375 Neque
1214 1340 1279 1375 pro
1289 1330 1398 1367 filiolo
1410 1330 1548 1375 aliquo,

251 1396 399 1433 mortali
419 1396 563 1441 virgine
586 1398 692 1439 nato,
719 1399 764 1433 ut
787 1397 849 1433 Sol
873 1398 972 1443 apud
996 1397 1187 1434 Valerium
1212 1398 1401 1443 Flaccum,
1428 1398 1493 1434 sed
1504 1398 1551 1434 de

250 1475 399 1502 summa
427 1467 614 1509 potestate
638 1466 803 1502 certabat
826 1466 996 1511 Juppiter
1021 1466 1329 1511 indignabundus.
1360 1466 1404 1503 In
1440 1466 1551 1502 Iliade

251 1534 384 1579 ingens
420 1533 546 1569 decem
579 1542 761 1570 annorum
784 1533 919 1571 bellum
944 1544 1008 1580 pro
1034 1534 1171 1571 violato
1196 1535 1348 1580 hospitii
1372 1535 1451 1576 iure
1476 1545 1552 1572 sus-

248 1603 401 1648 ceptum
424 1601 494 1638 diis
530 1603 570 1638 et
602 1601 739 1638 deabus
767 1601 864 1638 cordi
889 1603 958 1638 est.
985 1601 1144 1647 Quisque
1169 1603 1317 1639 urbium
1341 1612 1493 1640 suarum
1514 1604 1553 1639 et

250 1680 438 1707 sacrorum
474 1672 653 1716 patronus
689 1679 777 1706 suas
813 1670 931 1715 ipsius
974 1673 1101 1716 partes
1133 1672 1266 1716 agebat
1289 1671 1362 1714 ita,
1386 1674 1431 1708 ut
1460 1671 1552 1708 Iuno

252 1738 479 1773 matrimonii
515 1746 668 1773 causam
701 1737 932 1780 defenderet,
959 1737 1123 1774 Minerva
1155 1738 1246 1774 iusti
1270 1739 1354 1775 belli
1378 1739 1553 1784 pacisque

186 1850 189 1852 v
248 1806 408 1850 patrona
440 1815 463 1841 a
496 1804 721 1851 prudentiae
746 1809 785 1843 et
818 1806 1087 1850 temperantiae
1119 1807 1224 1851 parte
1257 1809 1394 1853 staret,
1424 1807 1554 1844 Venus

253 1873 439 1920 Troianis,
459 1873 637 1910 adulterio
662 1873 830 1911 obnoxiis
853 1873 1007 1912 faveret.
1032 1874 1136 1911 Troia
1159 1875 1305 1912 excissa
1322 1879 1363 1913 et
1386 1876 1553 1914 incendio

255 1942 422 1983 funditus
453 1942 575 1979 deleta
599 1942 750 1979 Iunonis
774 1943 828 1979 ira
852 1943 1015 1980 nondum
1038 1944 1219 1982 exhausta
1242 1947 1302 1982 est
1321 1946 1387 1983 sed
1407 1955 1554 1990 semper

254 2009 437 2056 TroianiS,
463 2011 527 2055 qui
552 2011 679 2047 Aenea
700 2010 791 2047 duce
804 2011 896 2047 alias
909 2011 1017 2048 sedes
1028 2012 1220 2057 petebant,
1234 2013 1398 2050 maxime
1410 2013 1554 2050 infensa

255 2086 320 2113 eos
344 2087 410 2122 per
430 2080 549 2114 terras
574 2081 613 2114 et
638 2079 755 2115 maria
780 2078 1001 2115 sollicitabat
1024 2079 1330 2125 impediebatque,
1356 2080 1554 2125 quominus

255 2144 412 2189 populus
444 2147 553 2182 tanta
587 2146 789 2191 pertinacia
821 2155 890 2182 sua
915 2149 955 2183 et
983 2146 1102 2183 labore
1117 2144 1226 2183 'victa
1248 2148 1346 2183 orbis
1370 2149 1555 2185 terrarum

256 2213 452 2257 imperium
499 2214 780 2259 adipisceretur,
813 2214 930 2253 donec,
963 2214 1041 2251 fato
1079 2214 1227 2259 cedens,
1265 2215 1382 2252 multo
1418 2216 1555 2254 honore

258 2281 296 2316 in
314 2280 501 2317 condenda
526 2282 660 2318 Latina
684 2283 775 2319 urbe
798 2283 979 2327 promisso
1001 2283 1160 2320 dolorem
1179 2283 1358 2328 deposuit.
1376 2283 1556 2331 Tempore

257 2349 388 2395 igitur,
416 2359 487 2394 quo
512 2350 632 2396 omnis
658 2351 784 2400 religio
810 2351 971 2393 iacebat,
998 2351 1166 2388 Valerius
1188 2352 1227 2388 in
1247 2351 1428 2398 fabulam,
1449 2356 1555 2391 cuius
