1874 2826
930 264 952 300 7

298 369 344 404 de
389 369 618 414 Argonautis
662 371 785 407 fabula
824 371 992 407 exstitit:
1038 370 1200 406 coloniae
1235 369 1433 411 deductae,
1470 369 1597 404 civiles

296 437 444 484 turbae,
471 439 656 476 mercandi
682 439 870 485 studium,
894 438 1033 475 invidia
1059 437 1272 483 metropolis
1296 437 1336 473 in
1352 446 1490 473 novam
1504 437 1597 473 colo-

298 505 418 542 niam:
456 507 546 544 haec
580 508 704 544 omnia
734 516 782 543 ex
805 508 1000 544 hominum
1025 506 1203 543 memoria
1228 515 1472 550 evanescere,
1499 505 1597 541 facta

296 574 417 619 regiae
455 575 605 623 domus,
642 586 737 622 quae
774 576 910 622 Minyis
946 575 1127 622 praefuit,
1169 574 1297 612 extolli
1330 576 1533 620 coeperunt
1557 576 1597 610 et

296 642 481 680 celebrari.
508 644 586 689 Quo
611 645 753 680 factum
777 646 837 680 est
861 646 906 680 ut
923 653 997 680 non
1017 644 1158 680 colonia
1178 654 1201 680 a
1219 643 1356 688 Minyis
1382 643 1419 679 in
1434 644 1598 678 remotas

297 714 415 747 terras
452 712 610 749 deducta
648 713 823 749 materies
860 713 1004 749 fabulae
1037 713 1150 749 fuerit
1182 713 1248 749 sed
1278 712 1430 757 longum
1454 711 1597 747 Iasonis

296 778 369 814 iter
380 780 426 814 ad
439 780 556 815 vellus
568 788 724 815 aureum
736 779 1007 824 reportandum.
1022 780 1123 823 Quod
1137 782 1265 815 autem
1277 779 1324 814 ad
1332 780 1596 823 argumentum

294 847 432 883 attinet
464 847 608 884 itineris
641 847 680 883 in
714 848 897 883 remotam
930 849 1070 883 terram
1103 847 1293 883 Orientem
1326 855 1459 883 versus
1485 846 1594 892 facti,

296 917 422 950 mente
446 915 719 960 percipiendum
740 916 800 950 est
820 914 971 950 Graecis
992 924 1138 959 semper
1150 914 1348 959 navigandi
1361 915 1484 950 studio
1496 914 1595 950 ultro

298 981 576 1025 procedentibus
598 984 638 1018 et
660 983 890 1017 mercaturae
912 982 1005 1018 fines
1018 982 1258 1018 dilatantibus
1272 982 1391 1027 magis
1404 982 1595 1027 magisque

296 1049 400 1086 illum
425 1050 599 1086 ultimum
623 1050 720 1086 orbis
746 1053 929 1086 terrarum
953 1050 1130 1095 angulum
1143 1050 1352 1086 recessisse.
1376 1049 1482 1094 Origo
1495 1049 1594 1085 enim

296 1118 441 1153 fabulae
477 1121 625 1154 nostrae
662 1117 849 1162 antiquior
885 1119 945 1153 est
981 1128 1094 1162 quam
1127 1118 1288 1154 coloniae
1323 1127 1346 1153 a
1378 1117 1528 1154 Graecis
1556 1118 1594 1153 in

295 1185 455 1221 Pontum
481 1185 667 1221 Euxinum
693 1185 891 1230 deductae,
918 1195 990 1230 quo
1015 1185 1158 1221 factum
1183 1188 1243 1221 est
1254 1186 1299 1220 ut
1313 1184 1454 1221 Colchis
1467 1187 1596 1229 postea

295 1253 475 1289 terminus
500 1253 643 1306 itineris
667 1253 794 1289 habita
818 1254 880 1290 sit.-

342 1320 564 1362 Videamus,
603 1321 665 1365 qui
702 1321 797 1356 hanc
832 1321 994 1358 fabulam
1029 1331 1101 1358 non
1126 1322 1202 1358 iam
1234 1321 1348 1366 epicis
1372 1321 1595 1357 carminibus

294 1388 514 1424 celebratam
539 1389 604 1424 sed
629 1390 914 1424 evanescentem
935 1391 975 1424 et
994 1389 1194 1425 admodum
1203 1398 1338 1433 vagam
1351 1389 1596 1424 tractaverint

295 1457 334 1490 et
358 1455 490 1499 quibus
514 1455 735 1499 regionibus,
765 1455 996 1500 fluminibus,
1025 1457 1189 1492 maribus
1214 1458 1343 1500 poetae
1357 1456 1595 1499 Argonautas

294 1524 449 1566 vagatos
485 1532 566 1558 esse
602 1523 789 1559 finxerint.
828 1524 1032 1568 Hesiodus,
1067 1525 1127 1560 vel
1160 1525 1223 1568 qui
1249 1525 1318 1559 sub
1342 1524 1422 1559 eius
1446 1523 1594 1559 nomine

295 1590 407 1636 latet,
433 1590 472 1626 in
495 1590 699 1635 Theogonia
724 1585 941 1627 992—‘1002
962 1594 1226 1637 argumentum
1241 1591 1593 1637 Argonautioorum:

294 1659 416 1694 Peliae
453 1659 574 1700 iussa,
606 1659 746 1694 Iasonis
777 1660 937 1704 labores,
967 1660 1117 1695 Medeae
1150 1661 1189 1695 in
1215 1661 1386 1695 Iasonem
1410 1668 1593 1702 amorem,

294 1725 483 1771 filiumque
515 1725 683 1762 Medeum
715 1728 846 1763 natum
880 1727 1043 1763 breviter
1064 1727 1248 1771 exposuit.
1275 1726 1352 1763 Nec
1376 1726 1416 1762 in
1441 1726 1594 1762 Homeri

295 1802 414 1836 neque
436 1793 587 1828 Hesiodi
608 1795 829 1829 carminibus
839 1820 848 1834 ‚
861 1795 1025 1829 fontibus
1038 1795 1330 1844 antiquissimis,
1344 1796 1407 1837 qui
1419 1795 1573 1829 exstant
1583 1821 1592 1837 ,

295 1860 503 1897 Colchidem
536 1869 669 1897 nomen
702 1861 876 1906 inveniri,
910 1862 970 1896 est
1000 1860 1384 1897 animadvertendum.
1416 1860 1457 1896 In
1481 1860 1593 1905 Odys-

294 1938 379 1964 seae
392 1928 482 1964 libro
490 1928 563 1964 XII
575 1929 789 1973 perlegendo
799 1929 1051 1972 unusquisque
1064 1929 1101 1964 in
1115 1929 1257 1964 incerto
1269 1929 1451 1973 haerebit,
1464 1931 1593 1964 utrum

295 2000 403 2034 vat-es
447 1997 656 2043 antiquitus
686 1997 862 2034 finxerint
894 1997 1130 2042 Argonautas
1162 1996 1350 2041 regionem
1387 1996 1591 2037 remotam,

293 2067 352 2102 cui
386 2068 506 2111 magis
539 2067 729 2112 magisque
754 2067 938 2103 recedenti
962 2066 1120 2102 Colchidi
1145 2074 1279 2101 nomen
1303 2066 1435 2110 postea
1460 2063 1593 2100 datum

293 2136 370 2179 est,
418 2135 456 2170 in
502 2127 650 2171 Oriente
695 2135 808 2171 sitam
844 2134 1022 2179 petivisse
1061 2143 1107 2169 an
1145 2132 1389 2169 occidentales
1425 2132 1593 2176 regiones

293 2203 444 2237 tantum
475 2202 609 2238 adiisse
641 2202 695 2248 (cf
725 2203 787 2238 Od.
821 2215 849 2244 μ
880 2204 1013 2244 1-10,
1048 2201 1229 2246 imprimis
1262 2201 1284 2236 3
1310 2202 1350 2236 et
1376 2201 1399 2235 4
1425 2203 1465 2236 et
1489 2212 1518 2241 μ
1544 2201 1592 2236 66

295 2266 388 2314 seq.)
413 2264 581 2313 Apparet
611 2278 763 2306 versum
798 2270 820 2305 3
845 2270 1034 2306 Orientem
1059 2269 1181 2314 ipsum
1208 2268 1427 2313 significare.
1466 2267 1520 2303 At
1545 2268 1591 2304 61

294 2334 484 2377 Πλαγκταές
508 2337 665 2381 legimus
689 2337 790 2382 Argo
814 2346 950 2373 navem
969 2337 1118 2373 Iunonis
1138 2345 1205 2380 ope
1226 2336 1594 2381 praeternavigasse,
