1874 2826
963 267 1009 302 76

328 374 451 419 Quum
471 375 570 410 enim
591 373 694 419 gravi
716 373 891 409 vaticinio
914 371 1061 417 Phinei,
1083 372 1147 417 qui
1166 373 1402 416 praedixerat
1413 376 1464 411 ibi
1476 375 1635 411 salutem

329 444 370 479 et
390 443 584 480 dubiarum
603 450 727 477 rerum
748 440 953 477 remedium
975 441 1112 476 nautas
1133 449 1216 476 esse
1236 431 1471 488 inventuros,
1494 442 1638 480 insulae

330 511 680 556 appropinquarent,
712 517 798 544 ecce
831 508 955 544 subito
980 508 1163 544 terribiles
1188 517 1280 544 aves
1304 509 1519 552 prodierunt
1542 521 1637 556 quae

331 579 452 615 acutis
487 577 638 623 pennis,
676 586 770 621 quas
803 576 920 612 veluti
954 576 1114 620 sagittas
1144 576 1180 612 in
1217 578 1355 612 nautas
1387 578 1636 622 coniciebant,

331 656 460 683 omnes
482 645 625 682 Iasonis
645 645 763 681 socios
784 644 1049 681 interfecturae
1069 646 1196 690 erant,
1219 645 1290 681 nisi
1302 645 1476 690 prudenti
1488 647 1638 684 consilio

331 713 621 759 Amphidamae,
668 713 732 757 qui
767 713 886 757 ipsius
923 713 1039 749 oculis
1077 713 1223 750 viderat
1259 713 1459 750 Herculem
1495 714 1639 760 ingenti

332 782 491 826 strepitu
524 781 669 817 sublato
700 780 979 826 Stymphalides
1004 789 1095 817 aves
1119 781 1197 818 loco
1222 781 1423 828 pepulisse,
1456 781 1575 818 scutis
1598 784 1639 818 et

329 850 460 895 gladiis
491 849 681 885 concussis
715 850 1016 894 Argonautarum
1048 859 1136 894 pars
1161 852 1328 887 monstra
1351 851 1471 895 primo
1495 860 1518 886 a
1542 859 1638 886 nave

330 920 370 954 et
395 927 502 963 mox,
530 927 614 953 cum
639 917 757 954 altera
776 926 863 962 pars
885 917 1011 962 clipeis
1023 920 1190 963 protecta
1201 918 1248 955 ad
1261 919 1352 954 litus
1365 918 1638 964 remigavisset,

330 988 377 1023 ab
402 987 525 1023 insula
549 986 809 1031 propulissent.
834 985 978 1022 Iudicat
1001 987 1115 1031 igitur
1135 989 1244 1032 poeta
1265 987 1518 1033 Argonautas,
1539 987 1642 1023 viros

332 1055 577 1098 fortissimos,
615 1053 739 1089 omnia
775 1053 936 1097 pericula
973 1054 1097 1089 subire
1134 1054 1287 1099 audere,
1330 1056 1375 1090 ut
1410 1054 1638 1099 propositum

333 1123 592 1166 assequantur.
642 1120 810 1156 Pulchris
855 1121 1190 1165 comparationibus
1233 1121 1322 1157 illud
1364 1121 1640 1157 munimentum

334 1187 627 1237 (1073—1074),
667 1187 869 1233 strepitum
905 1197 1094 1224 armorum
1130 1187 1403 1236 (1077—1079)
1440 1190 1640 1225 nautarum

333 1260 518 1293 tectorum
566 1257 807 1292 securitatem
851 1255 1128 1302 (1083—1087)
1172 1256 1376 1296 illustravit
1413 1256 1640 1302 Apollonius.

334 1325 435 1370 Quae
472 1326 601 1361 autem
641 1324 744 1360 salus
782 1325 864 1360 erat
901 1324 963 1360 illa
999 1334 1022 1360 a
1056 1325 1193 1361 Phineo
1219 1325 1382 1370 graviter
1405 1324 1641 1361 monstrata?

333 1392 462 1428 Phrixi
499 1392 565 1427 filii
590 1401 613 1427 a
638 1391 807 1427 Colchide
832 1392 1101 1428 Orchomenum
1127 1392 1279 1436 profecti
1304 1395 1348 1428 ut
1373 1392 1535 1437 patrium
1561 1392 1644 1427 the·

333 1469 487 1497 saurum
511 1462 750 1504 occuparent,
773 1459 1008 1504 naufragium
1029 1460 1193 1496 fecerant
1213 1469 1324 1504 prope
1345 1460 1439 1495 hanc
1459 1459 1639 1502 insulam,

335 1529 399 1565 ubi
433 1528 673 1572 Argonautae
711 1527 748 1563 in
787 1536 851 1563 eos
887 1528 1054 1563 omnium
1091 1536 1215 1563 rerum
1253 1537 1387 1572 egenos
1419 1527 1641 1564 inciderunt.

336 1595 567 1640 Quamquam
604 1594 731 1630 Phrixi
769 1594 835 1630 filii
864 1593 913 1641 1),
951 1595 1085 1639 quibus
1119 1596 1268 1631 nomina
1293 1597 1383 1631 sunt
1407 1595 1642 1641 Cytissorus,

337 1664 510 1701 Phrontis
523 1691 532 1709 ‚
557 1663 690 1706 Melas,
715 1664 860 1709 Argus,
888 1663 1036 1708 magnis
1061 1663 1202 1700 Iasonis
1227 1664 1329 1700 ausis
1354 1664 1642 1709 obstupuerunt,

336 1734 575 1769 nihilominus
607 1732 826 1776 profitentur
859 1741 900 1767 se
934 1733 1126 1776 promptos
1156 1741 1240 1767 esse
1264 1732 1310 1767 ad
1338 1732 1419 1767 eius
1442 1731 1564 1767 audax
1589 1732 1641 1768 in-

337 1803 486 1846 ceptum
510 1800 772 1836 adiuvandum.
799 1799 918 1844 Quam
944 1801 1065 1836 totam
1091 1799 1357 1844 digressionem
1378 1799 1550 1836 Valerius
1571 1798 1641 1836 alio

337 1878 462 1905 rerum
486 1869 524 1904 in
550 1867 720 1904 Colchide
744 1870 934 1911 gestarum
955 1867 1083 1913 ordine
1096 1867 1281 1911 proposito
1293 1867 1430 1902 omisit.
1453 1866 1642 1903 Damnum

337 1937 530 1982 praeterea
539 1963 548 1978 ,
574 1944 647 1980 quo
664 1934 793 1971 afflicti
805 1936 913 1970 erant
924 1935 1163 1980 Argonautae
1176 1936 1296 1971 morte
1307 1934 1462 1980 Tiphyis
1475 1935 1515 1970 et
1526 1934 1641 1971 Idmo·

336 2006 416 2050 nis,
455 2005 626 2040 reficiunt
663 2004 772 2039 sociis
806 2012 949 2047 quoque
983 2003 1072 2038 olim
1096 2003 1295 2038 Herculem
1321 2003 1462 2038 secutis
1487 2003 1556 2039 sibi
1581 2004 1642 2038 ad·

337 2073 486 2110 iunctis.

382 2191 415 2231 1)
445 2191 491 2223 Cf.
521 2190 647 2222 Hesiodi
680 2189 790 2228 fragm.
824 2187 897 2219 XCI
918 2187 965 2219 ed.
989 2187 1144 2227 Goettling
1166 2189 1197 2219 et
1218 2188 1315 2220 Schol.
1339 2187 1443 2228 Apoll.
1467 2189 1503 2220 II
1525 2201 1533 2220 ι
1559 2188 1643 2221 1123

331 2249 399 2280 τοὺς
426 2247 522 2284 φρίξον
540 2246 656 2279 παῖδας)
674 2246 863 2276 Ἀκουσίλαος
883 2243 914 2272 δὲ
932 2244 981 2272 καὶ
1000 2243 1127 2277 Ἡσίοδος
1150 2243 1177 2272 ἔν
1196 2246 1259 2277 ταῖς
1277 2244 1420 2280 μεγάλαις
1438 2246 1544 2278 Ἠοίαις
1561 2245 1649 2281 φασὶν

333 2299 364 2334 ἐξ
381 2298 536 2334 ’hoho-mu·
553 2300 605 2330 ἰ’-ἥς
624 2298 749 2331 Αἰήτου,
769 2296 816 2324 καί
834 2293 915 2328 οὗτος
933 2295 984 2330 μέν
1002 2300 1087 2330 Quem
1106 2295 1208 2328 abraha
1226 2296 1366 2332 τέσσαρας
1384 2298 1503 2335 ’‘Apyov,
1520 2299 1647 2333 φρόντιν,

335 2353 460 2388 Μέλανα,
479 2355 638 2388 xvv-{cuper
655 2353 794 2388 (Κύτωρον
815 2350 915 2382 SchOI.
938 2350 1032 2389 Par.)-
