1874 2826
941 280 987 317 26

314 407 326 417 ·-
362 390 476 435 Apud
500 389 673 425 Ovidium
698 389 856 434 legimus
881 389 958 425 VI:
984 389 1056 425 720
1085 388 1244 425 Metam:
1285 411 1288 415 ·

484 455 631 492 Vellera
664 464 752 491 cum
789 455 925 501 Minyis
958 455 1075 491 nitido
1108 455 1290 492 radiantia
1325 455 1411 491 villo

483 533 548 569 per
572 533 675 560 mare
701 533 774 560 non
800 524 932 560 notum
958 524 1078 569 pn’ma
1101 524 1241 569 petiere
1266 524 1401 560 carina.

319 608 336 621 κ
362 591 491 628 Ρο1631
514 592 594 627 fieri
619 593 663 627 ut
689 591 841 628 Ovidius
866 591 1065 629 Diodorum
1078 592 1283 637 inspexerit
1296 617 1307 633 ,
1320 600 1432 636 quem
1444 581 1614 629 Valerius

313 660 373 695 hic
415 661 527 703 atque
563 659 639 695 illic
672 659 844 695 imitatus
880 661 950 695 est.
988 659 1169 696 Diodorus
1202 660 1361 696 fortasse
1393 669 1415 696 e
1447 659 1614 705 Dionysii

311 726 526 771 Mytilenaei
564 725 665 762 libris
702 725 747 761 de
785 726 1014 771 Argonautis
1047 726 1211 763 rivulum
1244 727 1398 763 deduxit
1431 727 1497 763 aut
1534 727 1614 772 ipse

311 794 476 830 omnium
514 795 773 831 historicorum
811 795 916 830 facile
953 796 1123 840 princeps
1156 796 1361 833 fabularum
1394 796 1551 840 scriptor
1574 796 1613 831 et

310 862 619 907 mythographus-
641 863 794 898 secutus
832 863 893 898 est
929 862 1045 898 alium
1071 863 1287 909 scriptorem
1311 863 1437 899 minus
1462 866 1612 906 notum,

308 930 373 974 qui
397 931 565 966 narravit
589 931 746 974 primam
767 940 922 975 navem,
937 931 1043 967 cuius
1055 941 1188 967 nomen
1202 934 1242 968 et
1254 941 1362 967 casus
1375 933 1611 977 cognoverat,

310 997 428 1033 fuisse
452 998 611 1043 primam
636 1008 790 1040 navem,
816 1008 910 1043 quae
934 999 1138 1035 exstiterit.

360 1065 536 1102 Narravit
561 1067 661 1103 enim
686 1067 865 1104 Diodorus
886 1068 992 1104 4:41
1011 1069 1053 1104 :1
1077 1067 1245 1104 Iasonem
1258 1068 1421 1112 primum
1434 1069 1503 1105 sub
1512 1062 1613 1105 Pelio

311 1136 439 1169 monte
463 1142 619 1179 navem,
645 1135 741 1170 mole
767 1137 962 1179 ceteroque
982 1138 1162 1180 apparatu
1183 1135 1288 1179 longe
1309 1135 1487 1171 maiorem
1500 1145 1612 1180 quam

311 1202 537 1238 consuetudo
561 1202 694 1248 ferret,
720 1203 944 1248 aedificasse,
969 1212 1056 1239 cum
1081 1203 1223 1239 ratibus
1247 1202 1310 1238 illa
1329 1204 1555 1248 tempestate
1574 1205 1613 1240 et

309 1270 442 1306 lembis
479 1271 711 1315 navigarent.
749 1270 792 1305 In
823 1271 882 1306 his
920 1269 1110 1306 Diodorus.
1132 1270 1307 1306 lectorem
1340 1279 1413 1306 non
1439 1270 1608 1312 offendit,

309 1338 404 1381 quod
430 1338 601 1373 Herculis
626 1338 745 1375 vitam
768 1340 807 1373 et
831 1338 976 1374 labores
1001 1347 1187 1381 exponens
1212 1335 1513 1382 Argonautarum
1538 1338 1610 1374 iter

308 1405 404 1449 (erat
438 1406 538 1441 enim
577 1405 756 1441 Hercules
788 1414 933 1449 quoque
969 1405 1006 1440 in
1042 1414 1195 1441 numero
1220 1404 1416 1449 sociorum)
1441 1410 1611 1441 accurate

308 1472 457 1517 quidem
495 1472 560 1509 sed
596 1473 759 1509 breviter
797 1473 974 1508 narravit.
1012 1472 1206 1508 Abstinuit
1245 1482 1291 1508 ne
1325 1472 1611 1509 innumerabiles

310 1541 420 1577 urbes
453 1543 492 1576 et
531 1541 764 1586 splendidum
797 1541 929 1577 luxum
969 1541 1166 1582 insereret,
1203 1541 1299 1585 quod
1336 1540 1613 1585 ineptissimum

309 1610 444 1646 fuisset
468 1610 506 1645 in
531 1609 653 1646 fabula
678 1610 723 1646 de
747 1611 888 1655 primae
910 1610 1018 1646 navis
1038 1610 1169 1646 itinere
1195 1619 1314 1654 neque
1340 1610 1501 1646 concinit
1518 1611 1612 1646 tem-

310 1677 406 1722 pori,
433 1687 503 1722 quo
529 1678 581 1713 iis
600 1678 763 1714 nondum
775 1679 957 1721 inventis,
973 1687 1068 1722 quae
1080 1678 1126 1714 ad
1139 1678 1239 1714 laute
1252 1680 1292 1713 et
1305 1678 1397 1713 bene
1409 1677 1611 1713 vivendum

308 1745 518 1781 necessaria
543 1747 651 1791 sunt,
681 1746 849 1782 homines
874 1745 1005 1782 inculti
1030 1746 1136 1782 erant
1163 1746 1203 1781 et
1228 1744 1338 1781 rudes
1363 1744 1535 1780 moribus.
1570 1744 1612 1781 Ei

311 1814 440 1848 tamen
461 1813 607 1849 Diodori
626 1815 666 1849 et
677 1813 815 1849 Valerii
828 1813 1049 1858 expositioni
1063 1814 1180 1850 totius
1193 1813 1338 1849 fabulae
1350 1814 1612 1856 argumentum

309 1883 512 1925 repugnat:
551 1880 730 1916 Phrixum
776 1881 876 1917 enim
913 1881 952 1917 in
991 1881 1207 1926 longinquas
1254 1882 1382 1933 terras,
1417 1880 1611 1917 advenisse

309 1958 467 1993 eamque
504 1949 644 1984 famam
681 1949 719 1984 in
758 1948 910 1984 Graec-ia
943 1949 1192 1993 percrebuisse
1225 1948 1348 1983 fabula
1381 1949 1497 1984 sumit
1504 1970 1520 1990 ,
1539 1959 1611 1993 quo

307 2016 464 2061 intelligi
497 2018 624 2061 potest
657 2016 815 2052 navibus
851 2016 926 2051 iam
951 2018 1061 2051 antea
1086 2016 1144 2051 uti
1168 2014 1297 2051 solitos
1322 2014 1492 2051 Graecos.
1530 2015 1611 2053 Non

307 2093 401 2128 nego
426 2084 669 2120 Valerianum
691 2086 955 2130 argumentum
977 2083 1022 2118 de
1043 2083 1176 2119 itinere
1198 2083 1339 2127 primae
1359 2084 1467 2125 navis
1484 2084 1610 2129 longae

307 2151 408 2186 omni
430 2153 621 2187 momento
642 2153 682 2187 et
693 2151 879 2196 gravitate
892 2159 1026 2194 carere,
1041 2149 1106 2185 sed
1119 2150 1246 2194 opinor
1256 2150 1402 2186 luxuria
1414 2153 1453 2187 et
1465 2160 1610 2187 morum

308 2219 601 2265 magnificentia,
640 2219 775 2264 quibus
812 2217 1060 2253 describendis
1097 2217 1300 2262 Vergilium
1336 2221 1394 2255 est
1419 2219 1608 2265 imitatus,

307 2286 507 2323 Valerium.
532 2296 645 2323 suum
670 2287 935 2331 argumentum
960 2285 1172 2321 detorsisse.
1210 2285 1440 2331 Quamquam
1464 2287 1610 2333 epicum

307 2357 368 2391 est
392 2357 541 2400 poetam
554 2354 708 2391 Homeri
733 2356 773 2390 et
798 2352 953 2398 Vergilii
978 2352 1146 2397 exemplo
1171 2352 1215 2389 de
1240 2362 1307 2389 suo
1331 2356 1497 2404 tempore
1523 2364 1610 2391 non-
