1874 2826
946 274 994 310 30

320 382 584 425 argumentum
605 389 690 416 cum
709 379 947 424 simplicitate
967 382 1007 416 et
1028 381 1191 418 sanitate
1215 381 1490 421 Alexandrinus
1514 388 1622 431 poeta

319 449 529 485 rectissime
566 449 815 494 tractaverat,
852 448 941 485 deos
977 448 1149 485 inducere
1187 458 1248 494 eo,
1287 456 1359 494 quo
1384 450 1488 496 fecit,
1514 453 1622 491 modo

320 518 493 558 conatus,
520 517 599 552 toto
623 516 723 552 coelo
749 516 946 552 aberravit.

368 584 506 621 Rerum
525 587 653 621 autem
674 587 799 622 status
810 585 898 621 talis
910 587 971 622 est
980 612 990 631 ,
1004 586 1048 622 ut
1059 585 1151 622 Iuno
1164 588 1205 623 et
1216 586 1381 623 Minerva
1392 587 1621 633 Argonautis

319 652 471 689 faveant
480 680 490 698 ,
515 653 614 688 Mars
626 655 666 689 et
678 653 740 689 Sol
753 654 800 690 iis
812 654 977 690 officiant
987 680 996 698 ,
1011 663 1168 698 quorum
1180 655 1471 691 dubitationibus
1483 657 1620 700 spretis

319 719 489 767 Juppiter
513 721 634 759 fatum
659 722 784 768 perfici
808 722 930 759 iussit.
953 721 1090 759 Utrum
1111 722 1164 759 dii
1185 723 1289 761 Jovis
1300 723 1454 770 imperio
1465 723 1617 771 cedant,

316 799 365 825 an
377 790 454 826 fato
467 791 640 828 resistere
654 792 787 837 velint,
801 801 848 828 ne
861 800 935 828 uno
947 791 1096 835 quidem
1109 793 1220 829 verbo
1233 792 1404 829 Valerius
1417 786 1620 829 communi-

316 860 388 894 cat.
414 858 515 903 Quae
539 869 600 896 res
625 860 780 896 maximi
804 860 985 896 momenti
1009 860 1149 896 omissa
1173 862 1303 906 poetae
1328 860 1555 907 imperitiam
1578 863 1618 897 et

314 926 410 961 vitia
434 927 566 970 prodit.
589 927 693 963 Alios
717 928 845 963 contra
869 927 957 963 deos
982 928 1167 963 minorum
1183 928 1369 972 gentium,
1391 923 1617 972 tempestate

314 992 495 1037 demissa,
517 994 712 1030 insidiatos
730 1004 812 1031 esse
829 994 1056 1040 Argonautis
1068 994 1154 1031 Iove
1167 994 1285 1030 invito
1296 994 1510 1039 apparebit,
1530 1003 1617 1030 cum

317 1059 379 1096 Sol
399 1063 438 1096 et
459 1061 573 1106 Mars,
596 1063 634 1097 in
651 1071 743 1106 quos
756 1064 863 1098 tanta
876 1062 914 1097 vi
931 1063 1101 1098 invectus
1114 1065 1191 1106 est,
1214 1062 1327 1098 minis
1339 1062 1421 1098 eius
1432 1062 1617 1106 deterriti,

316 1137 364 1164 ne
401 1129 638 1174 Argonautas
673 1130 746 1165 ullo
783 1130 879 1166 malo
910 1129 1091 1171 afficiant,
1128 1130 1217 1165 nihil
1249 1129 1369 1166 moliri
1403 1130 1484 1166 ausi
1514 1131 1615 1166 sunt.

318 1196 419 1240 Quod
444 1198 507 1233 alii
532 1208 621 1234 mox
645 1198 740 1234 Solis
766 1201 804 1234 et
830 1199 960 1234 Martis
990 1207 1141 1234 causam
1165 1197 1426 1240 defenderunt,
1447 1198 1616 1234 Valerius

315 1265 354 1301 in
378 1265 640 1309 Argonauticis
666 1267 745 1302 suis
767 1266 961 1310 utriusque
982 1265 1194 1302 auctoritati
1216 1267 1255 1301 et
1274 1264 1518 1310 perpetuitati
1538 1275 1615 1302 car·

312 1333 426 1368 minis
438 1334 574 1369 nocuit.
594 1334 722 1378 Neque
736 1334 836 1369 enim
849 1334 954 1369 nefas
967 1333 1110 1377 suisset,
1125 1333 1157 1368 si
1169 1332 1230 1368 Sol
1243 1333 1282 1367 et
1295 1333 1404 1377 Mars,
1418 1333 1481 1377 qui
1492 1332 1614 1369 fatum

312 1402 481 1437 avertere
505 1410 578 1437 non
603 1403 776 1446 possent,
802 1401 925 1438 conati
950 1401 1079 1437 essent
1099 1399 1224 1436 Iovem
1249 1400 1373 1436 fallere
1394 1402 1434 1436 et
1446 1400 1615 1446 periculis

313 1478 452 1505 vexare
484 1471 630 1506 nautas.
664 1470 776 1513 Epica
801 1469 901 1505 enim
926 1469 1090 1504 carmina
1114 1468 1234 1504 multa
1259 1468 1430 1512 exempla
1453 1468 1614 1504 afferunt

314 1537 422 1579 deos,
451 1537 484 1573 si
510 1537 588 1573 fato
614 1537 795 1573 obsistere
827 1537 1032 1580 nequeant,
1064 1536 1185 1572 omnis
1210 1535 1310 1571 vires
1334 1535 1544 1581 intendere,
1569 1537 1613 1572 ut

313 1605 577 1641 necessitatem
603 1605 792 1641 differant:
819 1614 898 1648 qua.
916 1603 1058 1639 ratione
1079 1603 1227 1648 Apollo,
1252 1602 1370 1648 Mars,
1383 1603 1513 1639 Venus
1524 1604 1613 1640 nihil

314 1671 514 1713 omittunt,
540 1674 584 1708 ut
607 1672 714 1709 Troia
734 1682 847 1716 quam
860 1672 1069 1708 diutissime
1083 1672 1251 1716 maneat,
1264 1679 1332 1706 nec
1343 1670 1443 1706 Iovis
1455 1670 1614 1707 dolorem

313 1742 355 1777 et
377 1741 473 1776 iram
499 1741 609 1777 veriti
633 1740 778 1777 fortiter
803 1741 931 1777 urbem
956 1740 1146 1776 adiuvant.
1175 1738 1312 1775 Eodem
1324 1738 1433 1774 modo
1444 1737 1613 1783 Juppiter

312 1808 410 1852 ipse,
451 1801 675 1851 quamquain
708 1808 835 1843 Troiae
866 1809 1041 1843 interitus
1073 1807 1174 1842 fixus
1198 1807 1238 1840 et
1263 1805 1442 1840 immotus
1465 1808 1609 1848 manet,

311 1875 468 1912 Achillis
489 1875 687 1911 ulciscendi
700 1884 811 1911 causa
824 1875 914 1911 sinit
926 1875 1085 1911 Graecos
1097 1872 1270 1910 Hectoris
1283 1871 1439 1916 impetui
1452 1872 1612 1917 undique

311 1944 439 1979 cedere
465 1946 505 1979 et
529 1952 708 1987 magnum
733 1943 772 1978 in
797 1942 993 1978 discrimen
1013 1942 1161 1986 venire,
1182 1940 1370 1976 Venerem
1382 1937 1551 1976 Paridem
1563 1949 1611 1976 ex

310 2011 505 2048 ultricibus
540 2010 698 2047 Menelai
730 2010 901 2045 manibus
930 2018 1077 2045 servare
1104 2007 1160 2053 1),
1186 2008 1352 2051 itemque
1375 2007 1562 2053 Aeneam,
1587 2003 1610 2044 a

310 2078 456 2114 Venere
479 2078 650 2114 adiutum
676 2076 726 2121 2),
752 2077 798 2112 ab
822 2076 991 2121 Apolline
1016 2084 1037 2110 e
1057 2074 1215 2119 periculo
1236 2073 1338 2119 eripi.
1358 2073 1455 2110 Juno
1467 2084 1610 2120 quoque

308 2146 390 2191 ipsa
421 2146 614 2183 dominum
647 2154 759 2181 suum
792 2146 832 2180 et
847 2151 851 2155 ⁴
864 2144 1041 2180 maritum
1073 2142 1214 2188 gratiae
1246 2151 1338 2179 zona
1369 2142 1493 2180 fallere
1516 2153 1609 2180 ausa

310 2213 460 2251 Graecis
492 2215 689 2251 victoriam
714 2213 932 2250 conciliavit.
958 2212 1001 2248 In
1024 2211 1189 2256 Odyssea
1213 2210 1371 2256 legimus
1391 2211 1608 2257 Neptunum

310 2283 451 2320 invicta
465 2282 467 2286 ⁴
483 2283 687 2329 pertinacia
717 2282 763 2318 ad
797 2281 909 2317 finem
943 2289 1062 2324 usque
1091 2280 1211 2316 furere
1234 2279 1273 2316 in
1298 2279 1447 2316 Ulixem
1472 2280 1608 2316 misere

352 2364 385 2407 1)
407 2366 446 2399 11.
469 2366 524 2398 111
547 2378 555 2398 z
578 2366 654 2399 380.
983 2362 1017 2403 2)
1039 2363 1077 2396 Il.
1100 2362 1135 2395 H
1158 2374 1166 2394 :
1188 2362 1264 2395 312.
