1874 2826
944 296 992 332 88

315 411 385 438 usa
406 402 476 447 sit,
505 413 590 440 cum
615 403 744 439 Medea
768 403 887 447 primo
899 402 1041 439 Iasonis
1054 403 1140 438 visu
1155 402 1364 447 stupefacta
1376 413 1502 441 amore
1517 413 1621 440 exar-

315 471 418 506 serit.
446 470 498 507 Eo
522 471 662 507 accedit
688 469 784 513 quod
809 469 901 506 Iuno
926 469 1112 514 colloquiis
1137 472 1176 506 et
1201 469 1246 505 de
1269 469 1391 506 reditu
1415 470 1560 508 Iasonis
1579 472 1620 507 in

315 538 476 582 patriam
508 537 688 574 monendo
705 537 935 582 ¹gliscentem
960 537 1114 582 virginis
1139 537 1312 573 amorem'
1329 537 1443 574 nimis
1466 539 1622 577 adiuvat

315 605 371 641 ita
407 607 450 641 ut
487 605 615 641 Medea
651 613 725 642 non
762 606 843 642 tam
875 605 988 642 libero
1025 605 1176 642 arbitrio
1208 607 1248 642 et
1271 614 1341 642 sua
1366 608 1500 651 sponte
1524 607 1621 644 Iaso-

316 674 376 710 nis
401 673 559 710 salutem
584 674 708 718 curet,
734 682 847 718 quam
872 674 942 710 dea
962 674 1104 719 virgine
1125 674 1298 711 ministra
1317 675 1357 711 et
1368 674 1621 711 instrumento

316 742 521 779 voluntatis
538 783 542 787 Κ
557 741 605 778 ad
637 742 738 779 dolos
769 752 857 780 suos
890 744 929 780 et
963 743 1130 780 fraudem
1163 744 1449 789 perpetrandam
1479 746 1620 781 utatur.

317 810 535 849 657—680..

363 879 505 917 Deinde
530 881 718 919 sublatam
744 890 906 918 sororem
930 891 1003 919 non
1030 884 1159 919 secuta
1185 882 1291 929 plane
1317 884 1434 920 amori
1455 883 1623 928 indulget

315 951 353 986 et
389 950 460 987 sibi
495 950 643 988 videtur
678 950 816 997 pulsari
847 951 950 988 saxis
977 953 1017 988 et
1041 951 1180 996 hastis,
1206 961 1300 997 quae
1324 952 1363 988 in
1388 952 1619 998 Aesoniden,

314 1019 454 1056 frustra
479 1022 606 1057 tamen
620 1048 630 1067 ‚
657 1021 887 1058 coniciuntur
912 1019 1157 1069 (681—689),
1183 1021 1296 1058 donec
1319 1021 1453 1059 Perses
1479 1022 1620 1059 cladem

316 1097 467 1124 suorum
493 1091 533 1126 et
557 1091 664 1135 terga
688 1099 798 1126 versa
824 1089 923 1136 (726)
948 1091 1081 1127 videns
1105 1091 1208 1127 iubet
1228 1090 1368 1127 milites
1390 1100 1516 1136 pugna
1527 1090 1621 1127 desi-

316 1159 435 1202 stere,
473 1157 592 1193 multa
629 1160 787 1202 questus
823 1167 864 1193 se
898 1167 1117 1203 superorum
1153 1158 1304 1194 monitis
1337 1158 1405 1194 hoc
1440 1158 1620 1203 proelium

315 1224 426 1260 inane
462 1226 665 1270 imperasse
702 1235 820 1271 neque
852 1225 992 1262 Graeca
1016 1226 1154 1262 auxilia
1178 1235 1201 1261 a
1226 1235 1294 1262 sua
1321 1227 1426 1270 parte
1455 1226 1618 1263 stetisse.

318 1293 407 1330 Orat
432 1303 577 1339 quoque
601 1297 647 1331 ut
671 1295 796 1331 videat
821 1295 920 1331 diem
946 1296 1035 1338 734,

866 1362 950 1408 „qui
974 1362 1081 1399 fallat
1105 1363 1267 1399 Achivos

437 1431 491 1467 sic
515 1431 688 1474 meritos,
715 1439 860 1474 quoque
886 1431 985 1465 hunc
1009 1430 1135 1466 videat
1156 1431 1296 1466 virtute
1319 1431 1520 1475 superbum

437 1499 661 1536 Aesonidem
687 1501 815 1535 tantos
841 1498 994 1534 flentem
1019 1498 1098 1534 sine
1124 1498 1259 1534 honore
1284 1497 1460 1535 labores.”

364 1567 501 1603 Persen
525 1568 563 1603 in
590 1567 752 1603 mediam
773 1574 938 1611 pugnam
958 1574 999 1601 se
1013 1565 1265 1602 coniecturum
1278 1566 1423 1602 cohibet
1436 1565 1618 1611 Minerva,

316 1643 459 1670 memor
489 1634 588 1670 Iovis
612 1634 707 1670 iussi
732 1642 891 1678 eumque
916 1631 1068 1677 caligine
1092 1634 1236 1669 tectum
1261 1635 1422 1669 amovet.
1449 1633 1503 1668 At
1529 1633 1622 1669 liber

316 1705 450 1738 sextus
475 1703 529 1738 sic
552 1703 795 1739 terminatur:

414 1770 498 1806 Nox
524 1770 636 1806 simul
660 1770 851 1806 astriferas
876 1769 1012 1816 profert
1036 1769 1207 1815 opt-abilis
1231 1769 1401 1815 umbras;

415 1841 454 1874 et
479 1838 579 1874 cadit
603 1838 791 1882 extemplo
816 1837 900 1872 belli
924 1837 1063 1882 fragor,
1087 1845 1270 1881 aegraque
1296 1836 1413 1871 muris

414 1906 617 1949 digreditur
641 1905 792 1949 longum
817 1905 919 1948 virgo
943 1914 1116 1949 perpessa
1140 1905 1332 1944 timorem,

413 1977 457 2010 ut
481 1974 559 2010 fera
585 1973 748 2018 Nyctelii
773 1973 924 2017 paulum
948 1982 1013 2017 per
1037 1982 1141 2008 sacra
1165 1972 1365 2012 resistunt,

413 2051 501 2078 mox
525 2050 681 2086 rapuere
706 2040 817 2077 deum
842 2040 918 2076 iam
944 2040 1019 2076 iam
1043 2040 1082 2075 in
1107 2039 1361 2083 quodcumque
1384 2040 1539 2083 paratae

412 2109 617 2156 Thyiades,
643 2109 736 2146 haut
760 2105 831 2145 alio
855 2109 999 2144 remeat
1022 2107 1150 2144 Medea
1174 2106 1356 2150 tumultu,

411 2179 529 2222 adque
553 2178 651 2213 inter
677 2177 904 2220 Graiumque
928 2175 1027 2210 acies
1050 2175 1262 2219 patriasque
1287 2174 1488 2219 phalangas

412 2255 559 2292 semper
585 2244 786 2304 inenpletis
811 2243 1003 2289 adgnoscit
1026 2242 1158 2279 Iasona
1182 2242 1280 2278 curis

411 2323 587 2359 armaque
612 2305 747 2391 quihue
773 2321 865 2348 cava
890 2312 1060 2356 superest
1085 2310 1130 2346 de
1155 2310 1297 2346 casside
1321 2310 1481 2347 vultum.

729 2394 786 2470 Χ
