1874 2826
574 776 747 825 ΑροΙΙοΙιΙΙ
772 776 894 816 Rhodi!
920 776 1009 816 libor
1032 777 1175 817 tertius.

270 897 466 935 Rationem
478 898 716 935 valerianam
727 898 766 935 in
779 899 1025 945 superioribus
1037 899 1202 946 exposui,
1215 908 1309 950 quae
1321 899 1369 936 ad
1380 901 1522 936 utrum·

222 976 294 1012 que
317 968 472 1012 poetam
493 968 728 1005 iudicandum
752 977 826 1005 non
847 968 1053 1006 omittenda
1073 969 1165 1006 mihi
1186 970 1268 1005 erat
1288 968 1438 1015 putanti
1458 978 1520 1006 me

223 1044 470 1081 supervacuas
488 1040 528 1074 et
543 1037 710 1083 ingratas
722 1046 782 1074 res
795 1047 939 1083 quoque
953 1038 1112 1083 proferre
1125 1038 1257 1075 debere
1265 1065 1274 1083 ,
1288 1046 1337 1074 ne
1348 1037 1412 1081 iiS,
1426 1048 1521 1083 quae

224 1105 350 1141 minus
371 1105 523 1150 pulchra
534 1106 595 1142 vel
607 1107 696 1151 apta
709 1109 853 1152 essent,
867 1106 1045 1151 neglectis
1057 1107 1225 1151 iniquum
1237 1106 1415 1142 iudicium
1427 1106 1522 1142 ferre

220 1172 440 1209 videremur.
465 1173 519 1209 Ut
543 1174 618 1210 iam
644 1174 790 1215 monui,
814 1173 1029 1219 Apollonius
1053 1174 1092 1210 in
1117 1174 1209 1210 libro
1232 1174 1250 1210 I
1271 1172 1521 1210 etIIexcellit

221 1241 379 1286 simplici
404 1244 640 1286 argumento,
667 1241 784 1286 gratis
803 1243 844 1277 et
863 1226 1018 1278 minutis
1038 1242 1365 1287 descriptionibus,
1388 1242 1522 1286 digres-

222 1309 384 1346 sionibus
415 1309 596 1345 teretibus
628 1312 669 1346 et
700 1309 886 1353 rotundis,
921 1310 1130 1347 narratione
1155 1313 1196 1347 et
1219 1310 1381 1347 veritate
1406 1310 1520 1354 epica.

221 1376 270 1413 Et
301 1377 499 1413 admodum
531 1377 644 1413 miror
675 1377 771 1422 quod
802 1386 921 1422 neque
945 1377 1063 1414 Couat
1091 1377 1126 1423 1)
1150 1387 1271 1423 neque
1296 1377 1459 1423 Mahaffy
1484 1377 1519 1422 2)

222 1445 312 1480 haec
344 1439 525 1489 'Apollonii
557 1445 691 1481 merita
724 1445 764 1481 in
788 1445 891 1481 libris
915 1446 1094 1490 prioribus
1120 1446 1377 1482 laudaverunt.
1413 1445 1521 1480 Nunc

220 1514 349 1548 autem
380 1512 564 1558 agendum
596 1515 655 1549 est
687 1513 733 1549 de
766 1513 856 1549 libro
888 1513 1019 1555 tertio,
1053 1522 1125 1557 quo
1157 1514 1414 1559 praeclariores
1446 1523 1521 1550 non

220 1580 361 1616 multae
386 1581 571 1624 epicorum
595 1580 802 1616 carminum
826 1582 954 1624 partes
978 1581 1180 1617 exsistunt.
1472 1625 1481 1636 ι

269 1647 434 1683 Tertium
454 1647 588 1683 librum
608 1648 708 1683 recte
729 1647 858 1691 incipit
877 1646 1096 1692 Apollonius
1108 1647 1275 1684 sollemni
1288 1657 1350 1684 ore
1362 1648 1522 1684 Eratone

221 1716 394 1752 carminis
426 1715 598 1752 amatorii
630 1725 739 1752 musa
772 1716 956 1752 invocata.
993 1715 1129 1752 Narrat
1147 1716 1294 1752 ·deinde
1318 1716 1459 1752 Heram
1482 1719 1522 1753 et

220 1782 411 1820 Athenam
435 1784 698 1830 deliberantes,
723 1783 903 1828 quomodo
927 1784 1165 1829 Argonautas
1186 1792 1333 1820 servare
1358 1784 1519 1829 possint,

223 1851 338 1887 oculis
361 1852 400 1888 in
425 1851 502 1888 solo
526 1851 659 1887 defixis
682 1851 807 1888 omnia
827 1860 954 1887 secum
975 1854 1147 1896 reputare
1167 1851 1303 1887 animis
1322 1860 1523 1897 suspensas

222 1921 262 1955 et
298 1919 439 1956 Heram
476 1920 670 1956 consilium
705 1919 847 1964 cepisse
884 1919 1042 1955 adeundi
1079 1918 1275 1955 Venerem.
1316 1919 1382 1955 Ad
1409 1928 1521 1963 quam

223 1997 437 2031 progressae
467 1988 681 2032 repperiunt
712 1987 821 2022 deam
855 1987 1049 2023 sedentem
1074 1986 1173 2022 domi
1198 1988 1345 2022 tornato
1369 1987 1406 2021 in
1432 1986 1522 2021 solio

223 2065 272 2091 ex
304 2056 459 2092 adverso
482 2055 616 2091 forium
641 2058 681 2091 et
704 2064 830 2091 comas
854 2055 1018 2090 humeris
1041 2054 1217 2089 inmissas
1241 2062 1351 2089 aureo
1374 2054 1521 2097 pectine

223 2126 443 2160 comantem.
475 2123 562 2160 Illas
594 2132 682 2160 vero
716 2123 928 2167 conspicata
952 2122 997 2158 de
1021 2121 1112 2158 solio
1138 2121 1264 2158 exsilit
1288 2123 1327 2157 et
1352 2121 1522 2166 impexos

267 2283 297 2320 1)
319 2282 365 2314 La
385 2282 491 2314 Poesie
512 2283 724 2315 Alexandrino.

233 2339 236 2341 ’
266 2340 300 2380 2)
324 2339 419 2372 Greek
451 2340 506 2372 life
539 2340 599 2372 and
631 2341 755 2381 thougt,
788 2340 866 2372 from
897 2340 950 2372 the
971 2348 1028 2380 age
1050 2340 1084 2371 of
1101 2338 1271 2371 Alexandra
1291 2340 1324 2371 to
1344 2338 1397 2371 the
1418 2348 1524 2372 roman

221 2401 374 2441 conquest.
