<?xml version="1.0" encoding="UTF-8"?>
<!DOCTYPE html PUBLIC "-//W3C//DTD XHTML 1.0 Transitional//EN"
    "http://www.w3.org/TR/xhtml1/DTD/xhtml1-transitional.dtd">
<html xmlns="http://www.w3.org/1999/xhtml" xml:lang="en" lang="en">
 <head>
  <title>
</title>
<meta http-equiv="Content-Type" content="text/html;charset=utf-8" />
  <meta name='ocr-system' content='tesseract 3.04.00' />
  <meta name='ocr-capabilities' content='ocr_page ocr_carea ocr_par ocr_line ocrx_word'/>
</head>
<body>
  <div class='ocr_page' id='page_1' title='image "4737390_0142.png"; bbox 0 0 1874 2826; ppageno 0'>
   <div class='ocr_carea' id='block_1_1' title="bbox 950 285 1020 322">
    <p class='ocr_par' dir='ltr' id='par_1_1' title="bbox 950 285 1020 322">
     <span class='ocr_line' id='line_1_1' title="bbox 950 285 1020 322; baseline -0.014 0"><span class='ocrx_word' id='word_1_1' title='bbox 950 285 1020 322; x_wconf 81' lang='lat'>128</span> 
     </span>
    </p>
   </div>
   <div class='ocr_carea' id='block_1_2' title="bbox 331 390 1635 2412">
    <p class='ocr_par' dir='ltr' id='par_1_2' title="bbox 331 390 1635 915">
     <span class='ocr_line' id='line_1_2' title="bbox 332 390 1635 435; baseline 0 -7"><span class='ocrx_word' id='word_1_2' title='bbox 332 392 426 428; x_wconf 87' lang='lat' dir='ltr'>dolis</span> <span class='ocrx_word' id='word_1_3' title='bbox 460 394 501 429; x_wconf 91' lang='lat' dir='ltr'>et</span> <span class='ocrx_word' id='word_1_4' title='bbox 538 392 717 428; x_wconf 86' lang='lat' dir='ltr'>lenocinio</span> <span class='ocrx_word' id='word_1_5' title='bbox 751 392 821 427; x_wconf 90' lang='lat' dir='ltr'>Iris</span> <span class='ocrx_word' id='word_1_6' title='bbox 851 395 890 429; x_wconf 86' lang='lat' dir='ltr'>et</span> <span class='ocrx_word' id='word_1_7' title='bbox 906 393 1059 435; x_wconf 84' lang='lat' dir='ltr'>Venus,</span> <span class='ocrx_word' id='word_1_8' title='bbox 1098 391 1251 431; x_wconf 89' lang='lat' dir='ltr'>Iunone,</span> <span class='ocrx_word' id='word_1_9' title='bbox 1278 396 1351 426; x_wconf 81' lang='lat' dir='ltr'>n&#39;on</span> <span class='ocrx_word' id='word_1_10' title='bbox 1375 390 1546 427; x_wconf 87' lang='lat' dir='ltr'>Pronuba</span> <span class='ocrx_word' id='word_1_11' title='bbox 1568 392 1635 428; x_wconf 84' lang='lat' dir='ltr'>sed</span> 
     </span>
     <span class='ocr_line' id='line_1_3' title="bbox 331 457 1634 506; baseline -0.001 -9"><span class='ocrx_word' id='word_1_12' title='bbox 331 460 452 505; x_wconf 89' lang='lat' dir='ltr'>Lena,</span> <span class='ocrx_word' id='word_1_13' title='bbox 479 461 629 498; x_wconf 87' lang='lat' dir='ltr'>iubente</span> <span class='ocrx_word' id='word_1_14' title='bbox 650 459 859 497; x_wconf 89' lang='lat' dir='ltr'>amantium</span> <span class='ocrx_word' id='word_1_15' title='bbox 872 461 1093 498; x_wconf 83' lang='lat' dir='ltr'>lenocinium</span> <span class='ocrx_word' id='word_1_16' title='bbox 1104 459 1255 497; x_wconf 86' lang='lat' dir='ltr'>faciunt.</span> <span class='ocrx_word' id='word_1_17' title='bbox 1280 457 1445 496; x_wconf 84' lang='lat' dir='ltr'>Concedo</span> <span class='ocrx_word' id='word_1_18' title='bbox 1457 463 1525 496; x_wconf 83' lang='lat' dir='ltr'>nos</span> <span class='ocrx_word' id='word_1_19' title='bbox 1537 459 1634 506; x_wconf 87' lang='lat' dir='ltr'>apud</span> 
     </span>
     <span class='ocr_line' id='line_1_4' title="bbox 331 527 1634 575; baseline -0.001 -9"><span class='ocrx_word' id='word_1_20' title='bbox 331 530 569 575; x_wconf 85' lang='lat' dir='ltr'>Apollonium</span> <span class='ocrx_word' id='word_1_21' title='bbox 593 529 713 573; x_wconf 89' lang='lat' dir='ltr'>legere</span> <span class='ocrx_word' id='word_1_22' title='bbox 741 528 900 572; x_wconf 70' lang='grc' dir='ltr'><em>Ἔρωτας</em></span> <span class='ocrx_word' id='word_1_23' title='bbox 923 530 1107 574; x_wconf 86' lang='lat' dir='ltr'>virginem</span> <span class='ocrx_word' id='word_1_24' title='bbox 1128 528 1323 565; x_wconf 84' lang='lat' dir='ltr'>sollicitare</span> <span class='ocrx_word' id='word_1_25' title='bbox 1347 527 1413 563; x_wconf 87' lang='lat' dir='ltr'>sed</span> <span class='ocrx_word' id='word_1_26' title='bbox 1433 528 1479 564; x_wconf 89' lang='lat' dir='ltr'>de</span> <span class='ocrx_word' id='word_1_27' title='bbox 1491 528 1562 564; x_wconf 88' lang='lat' dir='ltr'>diis</span> <span class='ocrx_word' id='word_1_28' title='bbox 1574 529 1634 565; x_wconf 84' lang='lat' dir='ltr'>vel</span> 
     </span>
     <span class='ocr_line' id='line_1_5' title="bbox 331 594 1634 641; baseline -0.002 -8"><span class='ocrx_word' id='word_1_29' title='bbox 331 596 469 633; x_wconf 88' lang='lat' dir='ltr'>divinis</span> <span class='ocrx_word' id='word_1_30' title='bbox 506 595 756 641; x_wconf 73' lang='lat' dir='ltr'><strong>potestatibus</strong></span> <span class='ocrx_word' id='word_1_31' title='bbox 779 595 935 632; x_wconf 91' lang='lat' dir='ltr'>minime</span> <span class='ocrx_word' id='word_1_32' title='bbox 960 595 1197 641; x_wconf 86' lang='lat' dir='ltr'>cogitandum</span> <span class='ocrx_word' id='word_1_33' title='bbox 1220 596 1299 632; x_wconf 86' lang='lat' dir='ltr'>cst:</span> <span class='ocrx_word' id='word_1_34' title='bbox 1324 603 1460 632; x_wconf 90' lang='lat' dir='ltr'>nomen</span> <span class='ocrx_word' id='word_1_35' title='bbox 1486 594 1634 639; x_wconf 76' lang='grc' dir='ltr'><em>Ἔρωτες</em></span> 
     </span>
     <span class='ocr_line' id='line_1_6' title="bbox 333 663 1633 710; baseline -0.002 -8"><span class='ocrx_word' id='word_1_36' title='bbox 333 665 520 710; x_wconf 89' lang='lat' dir='ltr'>significat</span> <span class='ocrx_word' id='word_1_37' title='bbox 545 673 711 701; x_wconf 85' lang='lat' dir='ltr'>amorem</span> <span class='ocrx_word' id='word_1_38' title='bbox 735 664 872 710; x_wconf 89' lang='lat' dir='ltr'>ipsum.</span> <span class='ocrx_word' id='word_1_39' title='bbox 898 665 1027 702; x_wconf 85' lang='lat' dir='ltr'>Venus</span> <span class='ocrx_word' id='word_1_40' title='bbox 1047 665 1205 702; x_wconf 86' lang='lat' dir='ltr'>formam</span> <span class='ocrx_word' id='word_1_41' title='bbox 1224 664 1337 701; x_wconf 76' lang='lat' dir='ltr'>OErcis</span> <span class='ocrx_word' id='word_1_42' title='bbox 1358 663 1489 701; x_wconf 74' lang='lat' dir='ltr'>Induta</span> <span class='ocrx_word' id='word_1_43' title='bbox 1504 664 1633 710; x_wconf 84' lang='lat' dir='ltr'>virgini</span> 
     </span>
     <span class='ocr_line' id='line_1_7' title="bbox 331 727 1633 777; baseline 0 -9"><span class='ocrx_word' id='word_1_44' title='bbox 331 734 460 769; x_wconf 89' lang='lat' dir='ltr'>narrat</span> <span class='ocrx_word' id='word_1_45' title='bbox 481 731 654 768; x_wconf 77' lang='lat' dir='ltr'><strong>Iasonem</strong></span> <span class='ocrx_word' id='word_1_46' title='bbox 678 741 719 768; x_wconf 88' lang='lat' dir='ltr'>se</span> <span class='ocrx_word' id='word_1_47' title='bbox 732 727 1000 769; x_wconf 84' lang='lat' dir='ltr'>adhortatum·</span> <span class='ocrx_word' id='word_1_48' title='bbox 1007 741 1090 768; x_wconf 86' lang='lat' dir='ltr'>esse</span> <span class='ocrx_word' id='word_1_49' title='bbox 1102 735 1147 769; x_wconf 89' lang='lat' dir='ltr'>ut</span> <span class='ocrx_word' id='word_1_50' title='bbox 1164 731 1311 768; x_wconf 85' lang='lat' dir='ltr'>Medeae</span> <span class='ocrx_word' id='word_1_51' title='bbox 1330 740 1438 777; x_wconf 90' lang='lat' dir='ltr'>opem</span> <span class='ocrx_word' id='word_1_52' title='bbox 1449 731 1633 776; x_wconf 38' lang='lat' dir='ltr'>imploret*</span> 
     </span>
     <span class='ocr_line' id='line_1_8' title="bbox 331 800 1631 846; baseline 0 -9"><span class='ocrx_word' id='word_1_53' title='bbox 331 800 463 837; x_wconf 85' lang='lat' dir='ltr'>Venus</span> <span class='ocrx_word' id='word_1_54' title='bbox 488 800 590 837; x_wconf 88' lang='lat' dir='ltr'>enim</span> <span class='ocrx_word' id='word_1_55' title='bbox 613 800 757 837; x_wconf 84' lang='lat' dir='ltr'>Iasonis</span> <span class='ocrx_word' id='word_1_56' title='bbox 783 801 1013 838; x_wconf 82' lang='lat' dir='ltr'>mentionem</span> <span class='ocrx_word' id='word_1_57' title='bbox 1037 801 1127 837; x_wconf 88' lang='lat' dir='ltr'>facit</span> <span class='ocrx_word' id='word_1_58' title='bbox 1151 809 1223 846; x_wconf 90' lang='lat' dir='ltr'>quo</span> <span class='ocrx_word' id='word_1_59' title='bbox 1235 800 1377 846; x_wconf 87' lang='lat' dir='ltr'>puellae</span> <span class='ocrx_word' id='word_1_60' title='bbox 1390 800 1631 846; x_wconf 83' lang='lat' dir='ltr'>persuadeat,</span> 
     </span>
     <span class='ocr_line' id='line_1_9' title="bbox 332 869 781 915; baseline 0 -10"><span class='ocrx_word' id='word_1_61' title='bbox 332 871 377 905; x_wconf 90' lang='lat' dir='ltr'>ut</span> <span class='ocrx_word' id='word_1_62' title='bbox 401 869 564 915; x_wconf 89' lang='lat' dir='ltr'>patriam</span> <span class='ocrx_word' id='word_1_63' title='bbox 586 869 781 915; x_wconf 88' lang='lat' dir='ltr'>relinquat.</span> 
     </span>
    </p>

    <p class='ocr_par' dir='ltr' id='par_1_3' title="bbox 331 932 1635 2333">
     <span class='ocr_line' id='line_1_10' title="bbox 382 932 1634 983; baseline -0.001 -9"><span class='ocrx_word' id='word_1_64' title='bbox 382 936 573 982; x_wconf 83' lang='lat' dir='ltr'>Quaenam</span> <span class='ocrx_word' id='word_1_65' title='bbox 598 946 711 974; x_wconf 87' lang='lat' dir='ltr'>causa</span> <span class='ocrx_word' id='word_1_66' title='bbox 735 940 817 974; x_wconf 88' lang='lat' dir='ltr'>erat</span> <span class='ocrx_word' id='word_1_67' title='bbox 838 947 903 974; x_wconf 89' lang='lat' dir='ltr'>cur</span> <span class='ocrx_word' id='word_1_68' title='bbox 915 946 1023 983; x_wconf 87' lang='lat' dir='ltr'>opem</span> <span class='ocrx_word' id='word_1_69' title='bbox 1035 937 1221 973; x_wconf 85' lang='lat' dir='ltr'>veneficae</span> <span class='ocrx_word' id='word_1_70' title='bbox 1230 932 1386 982; x_wconf 78' lang='lat' dir='ltr'>&#39;virginis</span> <span class='ocrx_word' id='word_1_71' title='bbox 1399 939 1523 982; x_wconf 87' lang='lat' dir='ltr'>petere</span> <span class='ocrx_word' id='word_1_72' title='bbox 1534 937 1634 973; x_wconf 87' lang='lat' dir='ltr'>vide-</span> 
     </span>
     <span class='ocr_line' id='line_1_11' title="bbox 331 1005 1633 1050; baseline 0.001 -9"><span class='ocrx_word' id='word_1_73' title='bbox 331 1006 438 1041; x_wconf 87' lang='lat' dir='ltr'>retur</span> <span class='ocrx_word' id='word_1_74' title='bbox 448 1005 558 1042; x_wconf 87' lang='lat' dir='ltr'>Iason</span> <span class='ocrx_word' id='word_1_75' title='bbox 569 1005 797 1042; x_wconf 83' lang='lat' dir='ltr'>fortissimus</span> <span class='ocrx_word' id='word_1_76' title='bbox 808 1006 946 1042; x_wconf 81' lang='lat' dir='ltr'>heros?</span> <span class='ocrx_word' id='word_1_77' title='bbox 967 1005 1085 1042; x_wconf 84' lang='lat' dir='ltr'>Nulla.</span> <span class='ocrx_word' id='word_1_78' title='bbox 1112 1005 1185 1042; x_wconf 84' lang='lat' dir='ltr'>Sed</span> <span class='ocrx_word' id='word_1_79' title='bbox 1197 1006 1351 1050; x_wconf 87' lang='lat' dir='ltr'>apparet</span> <span class='ocrx_word' id='word_1_80' title='bbox 1364 1005 1532 1041; x_wconf 87' lang='lat' dir='ltr'>Medeam</span> <span class='ocrx_word' id='word_1_81' title='bbox 1544 1005 1633 1042; x_wconf 90' lang='lat' dir='ltr'>nihil</span> 
     </span>
     <span class='ocr_line' id='line_1_12' title="bbox 333 1073 1632 1118; baseline 0 -9"><span class='ocrx_word' id='word_1_82' title='bbox 333 1082 403 1109; x_wconf 89' lang='lat' dir='ltr'>sua</span> <span class='ocrx_word' id='word_1_83' title='bbox 421 1074 554 1118; x_wconf 88' lang='lat' dir='ltr'>sponte</span> <span class='ocrx_word' id='word_1_84' title='bbox 573 1073 728 1114; x_wconf 90' lang='lat' dir='ltr'>audere,</span> <span class='ocrx_word' id='word_1_85' title='bbox 754 1075 906 1110; x_wconf 89' lang='lat' dir='ltr'>tantum</span> <span class='ocrx_word' id='word_1_86' title='bbox 926 1083 1011 1109; x_wconf 85' lang='lat' dir='ltr'>esse</span> <span class='ocrx_word' id='word_1_87' title='bbox 1032 1074 1326 1110; x_wconf 78' lang='lat' dir='ltr'>instrumentum</span> <span class='ocrx_word' id='word_1_88' title='bbox 1345 1073 1460 1109; x_wconf 85' lang='lat' dir='ltr'>divini</span> <span class='ocrx_word' id='word_1_89' title='bbox 1484 1073 1632 1109; x_wconf 84' lang='lat' dir='ltr'>sceleris</span> 
     </span>
     <span class='ocr_line' id='line_1_13' title="bbox 334 1139 1633 1188; baseline -0.001 -11"><span class='ocrx_word' id='word_1_90' title='bbox 334 1139 396 1188; x_wconf 87' lang='lat' dir='ltr'>(cf.</span> <span class='ocrx_word' id='word_1_91' title='bbox 421 1140 521 1187; x_wconf 86' lang='lat'>348).</span> <span class='ocrx_word' id='word_1_92' title='bbox 558 1140 744 1185; x_wconf 85' lang='lat' dir='ltr'>Quomodo</span> <span class='ocrx_word' id='word_1_93' title='bbox 777 1141 890 1186; x_wconf 91' lang='lat' dir='ltr'>igitur</span> <span class='ocrx_word' id='word_1_94' title='bbox 923 1142 1171 1178; x_wconf 88' lang='lat' dir='ltr'>Bernhardius</span> <span class='ocrx_word' id='word_1_95' title='bbox 1207 1143 1247 1177; x_wconf 87' lang='lat' dir='ltr'>et</span> <span class='ocrx_word' id='word_1_96' title='bbox 1278 1140 1477 1178; x_wconf 80' lang='lat' dir='ltr'>Teuffelius</span> <span class='ocrx_word' id='word_1_97' title='bbox 1501 1140 1633 1177; x_wconf 87' lang='lat' dir='ltr'>indolis</span> 
     </span>
     <span class='ocr_line' id='line_1_14' title="bbox 333 1209 1632 1256; baseline 0 -11"><span class='ocrx_word' id='word_1_98' title='bbox 333 1209 620 1255; x_wconf 82' lang='lat' dir='ltr'>descriptionem</span> <span class='ocrx_word' id='word_1_99' title='bbox 645 1209 881 1246; x_wconf 84' lang='lat' dir='ltr'>valerianam</span> <span class='ocrx_word' id='word_1_100' title='bbox 907 1218 1130 1255; x_wconf 88' lang='lat' dir='ltr'>praeponere</span> <span class='ocrx_word' id='word_1_101' title='bbox 1150 1209 1339 1256; x_wconf 91' lang='lat' dir='ltr'>potuerint</span> <span class='ocrx_word' id='word_1_102' title='bbox 1351 1209 1632 1255; x_wconf 88' lang='lat' dir='ltr'>Apollonianae‚</span> 
     </span>
     <span class='ocr_line' id='line_1_15' title="bbox 333 1276 1635 1324; baseline 0 -9"><span class='ocrx_word' id='word_1_103' title='bbox 333 1276 470 1315; x_wconf 72' lang='lat' dir='ltr'>nescio.</span> <span class='ocrx_word' id='word_1_104' title='bbox 497 1278 646 1323; x_wconf 88' lang='lat' dir='ltr'>Omnia,</span> <span class='ocrx_word' id='word_1_105' title='bbox 672 1288 766 1323; x_wconf 87' lang='lat' dir='ltr'>quae</span> <span class='ocrx_word' id='word_1_106' title='bbox 794 1279 832 1315; x_wconf 92' lang='lat' dir='ltr'>in</span> <span class='ocrx_word' id='word_1_107' title='bbox 857 1278 1042 1324; x_wconf 90' lang='lat' dir='ltr'>Apollonii</span> <span class='ocrx_word' id='word_1_108' title='bbox 1065 1279 1227 1315; x_wconf 82' lang='lat' dir='ltr'>carmine</span> <span class='ocrx_word' id='word_1_109' title='bbox 1251 1278 1449 1315; x_wconf 90' lang='lat' dir='ltr'>admodum</span> <span class='ocrx_word' id='word_1_110' title='bbox 1461 1278 1635 1315; x_wconf 87' lang='lat' dir='ltr'>lectorem</span> 
     </span>
     <span class='ocr_line' id='line_1_16' title="bbox 334 1344 1634 1392; baseline -0.001 -10"><span class='ocrx_word' id='word_1_111' title='bbox 334 1346 540 1392; x_wconf 88' lang='lat' dir='ltr'>delectant,</span> <span class='ocrx_word' id='word_1_112' title='bbox 564 1346 660 1391; x_wconf 88' lang='lat' dir='ltr'>quod</span> <span class='ocrx_word' id='word_1_113' title='bbox 687 1347 790 1392; x_wconf 85' lang='lat' dir='ltr'>virgo</span> <span class='ocrx_word' id='word_1_114' title='bbox 816 1346 948 1383; x_wconf 89' lang='lat' dir='ltr'>timida</span> <span class='ocrx_word' id='word_1_115' title='bbox 972 1349 1013 1383; x_wconf 89' lang='lat' dir='ltr'>et</span> <span class='ocrx_word' id='word_1_116' title='bbox 1037 1346 1236 1383; x_wconf 89' lang='lat' dir='ltr'>rubicunda</span> <span class='ocrx_word' id='word_1_117' title='bbox 1260 1344 1488 1383; x_wconf 87' lang='lat' dir='ltr'>medicamen</span> <span class='ocrx_word' id='word_1_118' title='bbox 1513 1346 1634 1382; x_wconf 86' lang='lat' dir='ltr'>Iasoni</span> 
     </span>
     <span class='ocr_line' id='line_1_17' title="bbox 333 1413 1633 1467; baseline 0 -18"><span class='ocrx_word' id='word_1_119' title='bbox 333 1413 436 1449; x_wconf 90' lang='lat' dir='ltr'>dedit</span> <span class='ocrx_word' id='word_1_120' title='bbox 460 1423 619 1457; x_wconf 89' lang='lat' dir='ltr'>eumque</span> <span class='ocrx_word' id='word_1_121' title='bbox 644 1414 728 1449; x_wconf 91' lang='lat' dir='ltr'>utili</span> <span class='ocrx_word' id='word_1_122' title='bbox 751 1414 903 1467; x_wconf 86' lang='lat' dir='ltr'>consilio</span> <span class='ocrx_word' id='word_1_123' title='bbox 926 1414 1122 1449; x_wconf 85' lang='lat' dir='ltr'>adhortata</span> <span class='ocrx_word' id='word_1_124' title='bbox 1145 1416 1222 1458; x_wconf 89' lang='lat' dir='ltr'>est,</span> <span class='ocrx_word' id='word_1_125' title='bbox 1249 1414 1314 1449; x_wconf 87' lang='lat' dir='ltr'>sed</span> <span class='ocrx_word' id='word_1_126' title='bbox 1339 1423 1427 1450; x_wconf 83' lang='lat' dir='ltr'>mox</span> <span class='ocrx_word' id='word_1_127' title='bbox 1451 1422 1492 1449; x_wconf 84' lang='lat' dir='ltr'>se</span> <span class='ocrx_word' id='word_1_128' title='bbox 1514 1413 1633 1449; x_wconf 86' lang='lat' dir='ltr'>invita</span> 
     </span>
     <span class='ocr_line' id='line_1_18' title="bbox 334 1475 1632 1526; baseline -0.001 -9"><span class='ocrx_word' id='word_1_129' title='bbox 334 1480 477 1517; x_wconf 88' lang='lat' dir='ltr'>sensim</span> <span class='ocrx_word' id='word_1_130' title='bbox 524 1477 776 1526; x_wconf 83' lang='lat' dir='ltr'>paulatimque</span> <span class='ocrx_word' id='word_1_131' title='bbox 825 1481 870 1517; x_wconf 91' lang='lat' dir='ltr'>de</span> <span class='ocrx_word' id='word_1_132' title='bbox 919 1475 1020 1517; x_wconf 83' lang='lat' dir='ltr'>sorte</span> <span class='ocrx_word' id='word_1_133' title='bbox 1069 1480 1243 1517; x_wconf 86' lang='lat' dir='ltr'>Ariadnis</span> <span class='ocrx_word' id='word_1_134' title='bbox 1280 1490 1368 1518; x_wconf 89' lang='lat' dir='ltr'>eum</span> <span class='ocrx_word' id='word_1_135' title='bbox 1401 1476 1632 1526; x_wconf 82' lang='lat' dir='ltr'>interrogans</span> 
     </span>
     <span class='ocr_line' id='line_1_19' title="bbox 333 1549 1633 1594; baseline -0.001 -9"><span class='ocrx_word' id='word_1_136' title='bbox 333 1558 483 1585; x_wconf 85' lang='lat' dir='ltr'>omnem</span> <span class='ocrx_word' id='word_1_137' title='bbox 515 1549 684 1585; x_wconf 87' lang='lat' dir='ltr'>animum</span> <span class='ocrx_word' id='word_1_138' title='bbox 709 1559 824 1585; x_wconf 91' lang='lat' dir='ltr'>suum-</span> <span class='ocrx_word' id='word_1_139' title='bbox 858 1550 1022 1594; x_wconf 87' lang='lat' dir='ltr'>aperuit,</span> <span class='ocrx_word' id='word_1_140' title='bbox 1060 1549 1229 1585; x_wconf 84' lang='lat' dir='ltr'>Valerius</span> <span class='ocrx_word' id='word_1_141' title='bbox 1253 1559 1327 1585; x_wconf 92' lang='lat' dir='ltr'>non</span> <span class='ocrx_word' id='word_1_142' title='bbox 1352 1549 1482 1585; x_wconf 89' lang='lat' dir='ltr'>eodem</span> <span class='ocrx_word' id='word_1_143' title='bbox 1503 1551 1633 1585; x_wconf 83' lang='lat' dir='ltr'>tenore</span> 
     </span>
     <span class='ocr_line' id='line_1_20' title="bbox 334 1616 1631 1662; baseline 0 -11"><span class='ocrx_word' id='word_1_144' title='bbox 334 1618 377 1652; x_wconf 88' lang='lat' dir='ltr'>et</span> <span class='ocrx_word' id='word_1_145' title='bbox 413 1616 664 1661; x_wconf 86' lang='lat' dir='ltr'>perpetuitate</span> <span class='ocrx_word' id='word_1_146' title='bbox 696 1625 788 1653; x_wconf 88' lang='lat' dir='ltr'>usus</span> <span class='ocrx_word' id='word_1_147' title='bbox 821 1617 945 1661; x_wconf 88' lang='lat' dir='ltr'>potius</span> <span class='ocrx_word' id='word_1_148' title='bbox 977 1616 1194 1662; x_wconf 87' lang='lat' dir='ltr'>depravavit</span> <span class='ocrx_word' id='word_1_149' title='bbox 1225 1626 1339 1661; x_wconf 88' lang='lat' dir='ltr'>quam</span> <span class='ocrx_word' id='word_1_150' title='bbox 1367 1617 1539 1653; x_wconf 89' lang='lat' dir='ltr'>imitatus</span> <span class='ocrx_word' id='word_1_151' title='bbox 1562 1617 1631 1652; x_wconf 85' lang='lat' dir='ltr'>est.</span> 
     </span>
     <span class='ocr_line' id='line_1_21' title="bbox 336 1670 1634 1729; baseline -0.001 -9"><span class='ocrx_word' id='word_1_152' title='bbox 336 1685 423 1729; x_wconf 89' lang='lat' dir='ltr'>Ipsa</span> <span class='ocrx_word' id='word_1_153' title='bbox 456 1684 557 1720; x_wconf 88' lang='lat' dir='ltr'>enim</span> <span class='ocrx_word' id='word_1_154' title='bbox 588 1684 699 1720; x_wconf 89' lang='lat' dir='ltr'>durat</span> <span class='ocrx_word' id='word_1_155' title='bbox 723 1684 867 1720; x_wconf 88' lang='lat' dir='ltr'>Iasonis</span> <span class='ocrx_word' id='word_1_156' title='bbox 890 1694 1013 1729; x_wconf 88' lang='lat' dir='ltr'>arma,</span> <span class='ocrx_word' id='word_1_157' title='bbox 1043 1679 1172 1720; x_wconf 86' lang='lat' dir='ltr'>deinde</span> <span class='ocrx_word' id='word_1_158' title='bbox 1196 1670 1361 1720; x_wconf 86' lang='lat' dir='ltr'>amorem</span> <span class='ocrx_word' id='word_1_159' title='bbox 1385 1684 1522 1729; x_wconf 87' lang='lat' dir='ltr'>aperit,</span> <span class='ocrx_word' id='word_1_160' title='bbox 1547 1693 1634 1721; x_wconf 87' lang='lat' dir='ltr'>mox</span> 
     </span>
     <span class='ocr_line' id='line_1_22' title="bbox 336 1751 1634 1796; baseline 0.001 -9"><span class='ocrx_word' id='word_1_161' title='bbox 336 1752 506 1788; x_wconf 88' lang='lat' dir='ltr'>draconis</span> <span class='ocrx_word' id='word_1_162' title='bbox 525 1751 605 1787; x_wconf 86' lang='lat' dir='ltr'>vim</span> <span class='ocrx_word' id='word_1_163' title='bbox 623 1751 845 1787; x_wconf 88' lang='lat' dir='ltr'>recordatur.</span> <span class='ocrx_word' id='word_1_164' title='bbox 871 1751 971 1796; x_wconf 84' lang='lat' dir='ltr'>Quae</span> <span class='ocrx_word' id='word_1_165' title='bbox 983 1752 1139 1796; x_wconf 89' lang='lat' dir='ltr'>abrupta</span> <span class='ocrx_word' id='word_1_166' title='bbox 1152 1752 1287 1787; x_wconf 88' lang='lat' dir='ltr'>amoris</span> <span class='ocrx_word' id='word_1_167' title='bbox 1299 1752 1461 1788; x_wconf 89' lang='lat' dir='ltr'>narratio</span> <span class='ocrx_word' id='word_1_168' title='bbox 1472 1751 1634 1789; x_wconf 86' lang='lat' dir='ltr'>offendit.</span> 
     </span>
     <span class='ocr_line' id='line_1_23' title="bbox 336 1818 1634 1865; baseline 0.002 -10"><span class='ocrx_word' id='word_1_169' title='bbox 336 1819 450 1865; x_wconf 88' lang='lat' dir='ltr'>Apud</span> <span class='ocrx_word' id='word_1_170' title='bbox 482 1819 719 1863; x_wconf 85' lang='lat' dir='ltr'>Apollonium</span> <span class='ocrx_word' id='word_1_171' title='bbox 751 1821 907 1855; x_wconf 88' lang='lat' dir='ltr'>venerat</span> <span class='ocrx_word' id='word_1_172' title='bbox 939 1818 1082 1863; x_wconf 86' lang='lat' dir='ltr'>Medea,</span> <span class='ocrx_word' id='word_1_173' title='bbox 1109 1821 1153 1856; x_wconf 91' lang='lat' dir='ltr'>ut</span> <span class='ocrx_word' id='word_1_174' title='bbox 1185 1819 1411 1855; x_wconf 91' lang='lat' dir='ltr'>medicamen</span> <span class='ocrx_word' id='word_1_175' title='bbox 1440 1820 1545 1857; x_wconf 90' lang='lat' dir='ltr'>daret</span> <span class='ocrx_word' id='word_1_176' title='bbox 1569 1821 1634 1858; x_wconf 82' lang='lat' dir='ltr'>scd</span> 
     </span>
     <span class='ocr_line' id='line_1_24' title="bbox 336 1886 1634 1930; baseline 0.002 -8"><span class='ocrx_word' id='word_1_177' title='bbox 336 1895 425 1922; x_wconf 84' lang='lat' dir='ltr'>mox</span> <span class='ocrx_word' id='word_1_178' title='bbox 475 1886 603 1922; x_wconf 82' lang='lat' dir='ltr'>futura</span> <span class='ocrx_word' id='word_1_179' title='bbox 638 1886 786 1922; x_wconf 86' lang='lat' dir='ltr'>Iasonis</span> <span class='ocrx_word' id='word_1_180' title='bbox 818 1886 1040 1930; x_wconf 86' lang='lat' dir='ltr'>profectione</span> <span class='ocrx_word' id='word_1_181' title='bbox 1075 1886 1213 1922; x_wconf 89' lang='lat' dir='ltr'>afflicta</span> <span class='ocrx_word' id='word_1_182' title='bbox 1249 1895 1339 1922; x_wconf 86' lang='lat' dir='ltr'>ausa</span> <span class='ocrx_word' id='word_1_183' title='bbox 1373 1889 1434 1923; x_wconf 88' lang='lat' dir='ltr'>est</span> <span class='ocrx_word' id='word_1_184' title='bbox 1470 1896 1634 1924; x_wconf 91' lang='lat' dir='ltr'>amorem</span> 
     </span>
     <span class='ocr_line' id='line_1_25' title="bbox 335 1948 1635 1999; baseline 0.002 -9"><span class='ocrx_word' id='word_1_185' title='bbox 335 1954 514 1991; x_wconf 88' lang='lat' dir='ltr'>confiteri.</span> <span class='ocrx_word' id='word_1_186' title='bbox 551 1954 670 1999; x_wconf 88' lang='lat' dir='ltr'>Igitur</span> <span class='ocrx_word' id='word_1_187' title='bbox 706 1955 787 1990; x_wconf 93' lang='lat' dir='ltr'>tam</span> <span class='ocrx_word' id='word_1_188' title='bbox 825 1953 945 1990; x_wconf 92' lang='lat' dir='ltr'>multa</span> <span class='ocrx_word' id='word_1_189' title='bbox 981 1953 1117 1990; x_wconf 87' lang='lat' dir='ltr'>desunt</span> <span class='ocrx_word' id='word_1_190' title='bbox 1148 1954 1187 1990; x_wconf 92' lang='lat' dir='ltr'>in</span> <span class='ocrx_word' id='word_1_191' title='bbox 1211 1948 1406 1990; x_wconf 86' lang='lat' dir='ltr'>Valeriana</span> <span class='ocrx_word' id='word_1_192' title='bbox 1430 1954 1570 1992; x_wconf 85' lang='lat' dir='ltr'>Iasonis</span> <span class='ocrx_word' id='word_1_193' title='bbox 1594 1958 1635 1992; x_wconf 85' lang='lat' dir='ltr'>et</span> 
     </span>
     <span class='ocr_line' id='line_1_26' title="bbox 335 2021 1633 2068; baseline 0.002 -10"><span class='ocrx_word' id='word_1_194' title='bbox 335 2022 486 2058; x_wconf 84' lang='lat' dir='ltr'>Medeae</span> <span class='ocrx_word' id='word_1_195' title='bbox 523 2022 753 2067; x_wconf 84' lang='lat' dir='ltr'>expositione</span> <span class='ocrx_word' id='word_1_196' title='bbox 791 2024 832 2058; x_wconf 93' lang='lat' dir='ltr'>et</span> <span class='ocrx_word' id='word_1_197' title='bbox 869 2030 964 2066; x_wconf 88' lang='lat' dir='ltr'>quae</span> <span class='ocrx_word' id='word_1_198' title='bbox 1001 2021 1171 2057; x_wconf 89' lang='lat' dir='ltr'>Valerius</span> <span class='ocrx_word' id='word_1_199' title='bbox 1203 2022 1374 2058; x_wconf 85' lang='lat' dir='ltr'>adiunxit</span> <span class='ocrx_word' id='word_1_200' title='bbox 1396 2026 1633 2068; x_wconf 82' lang='lat' dir='ltr'>argumento,</span> 
     </span>
     <span class='ocr_line' id='line_1_27' title="bbox 334 2089 1632 2136; baseline -0.001 -8"><span class='ocrx_word' id='word_1_201' title='bbox 334 2093 530 2136; x_wconf 89' lang='lat' dir='ltr'>tantopere</span> <span class='ocrx_word' id='word_1_202' title='bbox 567 2090 751 2136; x_wconf 87' lang='lat' dir='ltr'>officiunt,</span> <span class='ocrx_word' id='word_1_203' title='bbox 790 2091 834 2127; x_wconf 94' lang='lat' dir='ltr'>ut</span> <span class='ocrx_word' id='word_1_204' title='bbox 869 2099 943 2126; x_wconf 91' lang='lat' dir='ltr'>non</span> <span class='ocrx_word' id='word_1_205' title='bbox 979 2089 1139 2135; x_wconf 83' lang='lat' dir='ltr'>amplius</span> <span class='ocrx_word' id='word_1_206' title='bbox 1174 2089 1219 2125; x_wconf 88' lang='lat' dir='ltr'>de</span> <span class='ocrx_word' id='word_1_207' title='bbox 1242 2099 1286 2126; x_wconf 91' lang='lat' dir='ltr'>ea</span> <span class='ocrx_word' id='word_1_208' title='bbox 1309 2099 1350 2127; x_wconf 89' lang='lat' dir='ltr'>re</span> <span class='ocrx_word' id='word_1_209' title='bbox 1374 2093 1525 2128; x_wconf 88' lang='lat' dir='ltr'>acturus</span> <span class='ocrx_word' id='word_1_210' title='bbox 1550 2092 1632 2129; x_wconf 89' lang='lat' dir='ltr'>sim.</span> 
     </span>
     <span class='ocr_line' id='line_1_28' title="bbox 335 2158 1633 2205; baseline 0.002 -10"><span class='ocrx_word' id='word_1_211' title='bbox 335 2159 463 2195; x_wconf 88' lang='lat' dir='ltr'>Medea</span> <span class='ocrx_word' id='word_1_212' title='bbox 500 2160 718 2196; x_wconf 88' lang='lat' dir='ltr'>interventu</span> <span class='ocrx_word' id='word_1_213' title='bbox 762 2159 916 2195; x_wconf 87' lang='lat' dir='ltr'>dearum</span> <span class='ocrx_word' id='word_1_214' title='bbox 953 2160 993 2194; x_wconf 87' lang='lat' dir='ltr'>et</span> <span class='ocrx_word' id='word_1_215' title='bbox 1030 2158 1166 2194; x_wconf 90' lang='lat' dir='ltr'>Valerii</span> <span class='ocrx_word' id='word_1_216' title='bbox 1202 2159 1365 2195; x_wconf 87' lang='lat' dir='ltr'>sinistris</span> <span class='ocrx_word' id='word_1_217' title='bbox 1402 2159 1633 2205; x_wconf 83' lang='lat' dir='ltr'>significatio-</span> 
     </span>
     <span class='ocr_line' id='line_1_29' title="bbox 336 2227 1633 2266; baseline 0.002 -2"><span class='ocrx_word' id='word_1_218' title='bbox 336 2229 445 2264; x_wconf 87' lang='lat' dir='ltr'>nibus</span> <span class='ocrx_word' id='word_1_219' title='bbox 474 2228 519 2263; x_wconf 89' lang='lat' dir='ltr'>de</span> <span class='ocrx_word' id='word_1_220' title='bbox 556 2227 696 2264; x_wconf 87' lang='lat' dir='ltr'>futuris</span> <span class='ocrx_word' id='word_1_221' title='bbox 734 2227 934 2263; x_wconf 89' lang='lat' dir='ltr'>sceleribus</span> <span class='ocrx_word' id='word_1_222' title='bbox 971 2227 1016 2262; x_wconf 91' lang='lat' dir='ltr'>fit</span> <span class='ocrx_word' id='word_1_223' title='bbox 1054 2227 1224 2264; x_wconf 90' lang='lat' dir='ltr'>ministra</span> <span class='ocrx_word' id='word_1_224' title='bbox 1255 2228 1400 2265; x_wconf 85' lang='lat' dir='ltr'>divinae</span> <span class='ocrx_word' id='word_1_225' title='bbox 1433 2228 1571 2266; x_wconf 84' lang='lat' dir='ltr'>fraudis</span> <span class='ocrx_word' id='word_1_226' title='bbox 1594 2233 1633 2266; x_wconf 86' lang='lat' dir='ltr'>et</span> 
     </span>
     <span class='ocr_line' id='line_1_30' title="bbox 336 2297 1037 2333; baseline 0.006 -1"><span class='ocrx_word' id='word_1_227' title='bbox 336 2297 511 2333; x_wconf 85' lang='lat' dir='ltr'>venefica.</span> <span class='ocrx_word' id='word_1_228' title='bbox 1035 2319 1037 2322; x_wconf 92' lang='lat'>·</span> 
     </span>
    </p>

    <p class='ocr_par' dir='ltr' id='par_1_4' title="bbox 384 2364 1632 2412">
     <span class='ocr_line' id='line_1_31' title="bbox 384 2364 1632 2412; baseline 0.003 -12"><span class='ocrx_word' id='word_1_229' title='bbox 384 2364 567 2408; x_wconf 88' lang='lat' dir='ltr'>Apollonii</span> <span class='ocrx_word' id='word_1_230' title='bbox 588 2364 719 2401; x_wconf 89' lang='lat' dir='ltr'>Rhodii</span> <span class='ocrx_word' id='word_1_231' title='bbox 741 2365 855 2410; x_wconf 86' lang='lat' dir='ltr'>igitur</span> <span class='ocrx_word' id='word_1_232' title='bbox 875 2365 1127 2410; x_wconf 85' lang='lat' dir='ltr'>Argonautica</span> <span class='ocrx_word' id='word_1_233' title='bbox 1139 2365 1276 2402; x_wconf 89' lang='lat' dir='ltr'>habent</span> <span class='ocrx_word' id='word_1_234' title='bbox 1289 2366 1405 2403; x_wconf 91' lang='lat' dir='ltr'>multa</span> <span class='ocrx_word' id='word_1_235' title='bbox 1419 2366 1632 2412; x_wconf 84' lang='lat' dir='ltr'>Homerica,</span> 
     </span>
    </p>
   </div>
  </div>
 </body>
</html>
