1874 2826
963 290 1010 324 46

337 392 462 430 Thoas
495 404 560 439 pro
592 394 714 439 Lyaeo
750 403 771 430 e
805 393 947 430 latebra
970 394 1152 431 abductus
1178 395 1353 440 scaphula
1378 397 1417 433 in
1443 398 1636 435 Tauricam

344 461 639 499 Chersonnesum
665 463 825 508 effugere
849 464 1029 508 potuerit:
1055 463 1198 500 factum
1210 465 1447 501 memorabile
1460 466 1636 512 singulari

337 530 493 566 audacia
518 531 707 575 cogitanti,
733 531 884 575 quantis
908 531 1110 568 terroribus
1135 531 1371 576 Argonautae
1383 533 1504 577 prima
1516 537 1636 581 nocte,

338 608 449 642 quam
483 599 520 634 in
545 599 621 634 alto
647 599 740 634 mari
767 600 1035 644 transegerint,
1060 599 1182 635 affecti
1207 599 1285 635 sint
1310 598 1405 645 (Val.
1432 599 1468 635 11
1494 613 1502 635 :
1529 601 1634 647 300)!

334 738 365 768 et
395 736 580 769 Scholiastae
604 738 643 770 ad
666 739 807 780 Apollon.
827 739 925 772 Rhod.
947 739 1119 772 testimonio
1141 739 1195 771 111
1219 750 1226 771 :
1250 738 1331 772 997:
1356 737 1639 781 (Baneaeupsimmu

333 796 399 827 scil.
421 796 556 828 Ariadne
579 798 610 826 δᾶ
629 799 682 826 oxa
703 800 848 827 Διονυσίου
867 799 943 827 κατά
961 809 1053 831 τινας,
1081 799 1112 834 ἐξ
1131 797 1163 831 ἧς
1181 798 1341 827 παιδοποιοὶ·
1360 798 1489 834 obsura,
1509 800 1637 835 odana,

327 856 490 891 Στάφυλον,
511 856 679 892 Atia-pamm,
701 857 826 892 Εὐάνθη,
847 854 1039 897 ’Ταυρόπολιν)
1061 856 1159 887 fretus
1183 855 1308 887 Stender
1319 864 1390 895 pag.
1403 854 1456 893 40,
1469 855 1534 887 sine
1544 864 1637 887 causa

332 912 441 944 statuit
474 912 506 944 in
540 913 676 954 antiquis
708 913 815 946 Lemni
848 913 961 946 fabulis
992 913 1053 946 iam
1082 913 1233 946 Bacchica
1258 913 1397 953 reperiri,
1420 913 1503 945 hunc
1525 916 1638 943 edam

331 971 460 1002 eundem
483 980 550 1003 esse
572 981 608 1003 ac
629 971 815 1012 Hypsipyles
837 973 954 1012 patrem
977 972 1144 1004 affirmans.

377 1028 458 1061 Nam
481 1029 546 1071 ipse
567 1030 686 1062 monuit
706 1039 776 1071 pag.
800 1030 842 1063 39
865 1030 995 1063 alterum
1013 1030 1112 1063 filium
1133 1030 1319 1072 Hypsipyles
1340 1031 1371 1063 et
1391 1030 1528 1071 Iasonis,
1549 1029 1636 1062 cuius

333 1097 442 1120 nomen
475 1090 574 1120 exstat
595 1088 830 1129 Nebrophonus‚
854 1089 1027 1129 posterioris
1048 1089 1190 1130 temporis
1211 1089 1449 1125 additamentum
1471 1098 1555 1130 esse,
1577 1098 1636 1129 quo

334 1145 399 1186 ipse
422 1146 602 1178 sententiam
624 1147 752 1179 refellit:
775 1147 889 1179 Bacchi
912 1147 1028 1179 cultum
1050 1147 1219 1188 antiquitus
1240 1147 1348 1179 Lemni
1365 1147 1398 1179 in
1409 1143 1519 1179 honore
1530 1146 1635 1179 fuisse.

334 1204 456 1245 Optime
479 1205 620 1238 meritum
642 1214 708 1238 esse
726 1206 903 1238 Stenderum
925 1206 961 1239 de
972 1207 1217 1247 Argonautarum
1228 1206 1415 1247 expeditione
1426 1206 1531 1238 critice
1541 1205 1637 1246 expli-

334 1263 431 1294 canda
464 1264 591 1295 libenter
623 1273 771 1304 agnosco,
806 1264 858 1296 sed
891 1264 947 1296 hoc
976 1264 1041 1296 loco
1068 1265 1246 1304 argumenta
1269 1264 1303 1295 in
1324 1263 1446 1295 ficticiis
1468 1263 1634 1296 recentium

332 1321 620 1361 mythographorum
642 1321 755 1353 fabulis
776 1322 964 1362 investigans
987 1322 1168 1354 obscuritate
1189 1322 1314 1354 laborat.
1338 1322 1435 1354 Grave
1456 1323 1503 1354 est
1521 1321 1630 1354 vitium

334 1379 504 1419 Valerium,
528 1380 581 1420 qui
604 1380 705 1412 omnia
727 1380 764 1412 de
786 1380 921 1413 Thoante
944 1382 1061 1413 servato
1083 1380 1171 1412 finxit
1193 1380 1213 1411 2
1236 1391 1245 1412 2
1268 1380 1351 1419 330,
1373 1382 1409 1412 ut
1429 1380 1543 1412 fontem
1554 1389 1635 1412 com-

334 1449 498 1472 memorare
519 1439 558 1471 ad
580 1439 844 1471 demonstrandum
867 1440 984 1471 cultum
1005 1439 1188 1472 Bacchicum
1210 1439 1273 1471 illis
1305 1439 1490 1479 temporibus
1521 1439 1629 1471 Lemni

333 1499 529 1531 vernaculum
552 1498 655 1531 fuisse.
686 1498 836 1531 Bacchica
858 1498 938 1531 enim
961 1498 1112 1531 trieterica
1133 1498 1273 1531 Valerius
1295 1498 1327 1530 in
1348 1498 1463 1539 poetico
1485 1499 1634 1538 apparatu

335 1558 485 1589 instructa
518 1559 549 1589 et
582 1559 722 1597 prompta
754 1557 888 1589 invenire
921 1558 1036 1598 potuit,
1059 1567 1137 1598 quae
1158 1557 1375 1589 dormientibus
1396 1557 1583 1589 auditoribus
1604 1559 1636 1589 et

336 1615 490 1647 subselliis
523 1616 713 1647 declamaret.
755 1616 927 1648 Verisimile
967 1617 1014 1648 est
1043 1616 1198 1648 Valerium
1231 1625 1286 1656 pro
1318 1615 1454 1656 antiquis
1483 1615 1636 1655 mysteriis

335 1674 442 1705 Lemni
465 1683 583 1713 quoque
605 1674 637 1704 in
648 1674 788 1706 honorem
799 1674 979 1706 Kabirorum
990 1674 1148 1706 celebratis
1159 1674 1342 1706 Bacchioum
1354 1674 1470 1705 cultum
1481 1674 1617 1713 posuisse
1625 1695 1634 1711 ,

333 1740 394 1771 quo
414 1731 556 1771 aequales
577 1731 675 1771 magis
698 1731 840 1763 delectari
862 1733 994 1771 possent.

377 1789 424 1822 Ne
450 1788 638 1830 'Apollonius
659 1789 780 1830 quidem
803 1790 948 1822 Thoantis
970 1791 1005 1822 ut
1026 1790 1140 1822 Bacchi
1163 1790 1220 1821 filii
1243 1789 1389 1830 originem
1413 1792 1633 1824 commemorat.

332 1836 371 1880 In
394 1849 452 1880 hac
474 1857 592 1888 quoque
615 1848 718 1879 fabula
739 1848 949 1888 mythographi
972 1857 989 1880 e
1010 1849 1131 1880 Valerio
1153 1848 1286 1879 rivulum
1308 1847 1458 1880 duxerunt
1476 1848 1515 1879 cf.
1538 1847 1633 1888 Myth.

335 1907 352 1939 1
379 1919 386 1939 :
412 1907 485 1940 199.
520 1907 692 1939 Phetoneus
724 1908 825 1939 autem
858 1915 912 1939 seu
945 1907 1104 1948 Thyoneus
1125 1906 1227 1939 Liberi
1249 1906 1332 1939 filius
1354 1906 1414 1939 fuit
1435 1906 1488 1947 qui
1507 1907 1539 1939 in
1561 1906 1634 1940 Chio

334 1967 475 2007 regnavit
508 1968 595 2006 pater
628 1966 773 1997 Thoantis
806 1965 903 2006 regis,
938 1966 1025 1997 cuius
1054 1966 1118 1997 filia
1146 1966 1336 2006 Hypsipyle.
1350 1989 1358 1996 .
1372 1989 1379 1997 .
1393 1988 1401 1996 .
1432 1966 1497 1997 sola
1517 1967 1633 2006 patrem

331 2025 480 2064 servavit,
507 2034 597 2065 quem
619 2033 750 2065 proavus
772 2023 862 2055 Liber
883 2024 1021 2055 salvavit.
1046 2024 1142 2061 Quam
1164 2024 1310 2056 detortam
1332 2025 1363 2056 et
1384 2033 1401 2055 e
1422 2024 1542 2056 Valerio
1561 2034 1633 2065 par—

330 2084 387 2116 tim
410 2085 565 2124 sumptam
587 2082 810 2115 adnotationem
829 2081 954 2114 Stender
971 2081 1102 2122 sumpsit
1126 2081 1164 2113 ad
1183 2081 1445 2113 demonstrandum
1468 2082 1633 2115 Thoantem

331 2151 350 2174 a
382 2142 504 2174 Baccho
538 2141 698 2173 oriundum
721 2149 795 2172 esse.
826 2139 897 2172 Veri
919 2139 1019 2171 simile
1040 2139 1159 2171 videtur
1180 2139 1286 2171 Lemni
1308 2139 1341 2171 iu
1362 2139 1463 2172 insula
1483 2140 1632 2173 Bacchica

336 2209 504 2241 numquam
522 2200 605 2232 culta
622 2208 697 2238 esse,
729 2208 785 2230 nec
806 2197 988 2238 Apollonius
1009 2197 1144 2229 Rhodius
1166 2206 1202 2229 ea
1223 2200 1442 2237 commemorat,
1464 2208 1519 2231 nec
1540 2208 1633 2239 argu-

335 2260 436 2290 menta
470 2268 547 2299 quae
580 2258 705 2290 Stender
737 2256 851 2297 profert
872 2265 943 2296 pag.
966 2255 1009 2287 40
1031 2255 1223 2288 satisfaciunt
1244 2256 1296 2289 sed
1317 2266 1425 2289 nomen
1448 2257 1593 2289 Thoantis
1614 2266 1633 2288 a

332 2318 388 2346 siu
411 2305 579 2350 derivatum
602 2318 699 2350 multo
718 2318 787 2358 post
797 2316 1085 2357 mythographorum
1096 2315 1260 2348 mendaciis
1271 2325 1339 2348 cum
1351 2316 1499 2349 Bacchico
1510 2317 1632 2354 Θοάζειν

331 2376 524 2408 coniunctum
547 2386 612 2409 esse
634 2379 717 2417 puto.
