1874 2826
272 756 443 804 ΑροΙΙοιιΙΙ
461 732 591 795 'amn
614 755 877 804 Ατῃωιιήῑωιι
901 757 1154 796 Ιε559-960
1179 758 1217 796 et
1240 757 1367 797 valerii
1395 757 1516 797 Flacci

735 823 838 863 Liber
860 823 1056 863 Secundum

296 931 338 967 In
350 931 441 967 fatis
453 932 579 967 autem
592 933 674 970 erat
680 931 850 968 Iasonem
861 932 934 968 iter
945 942 1095 978 pergere
1108 932 1250 970 debere.
1260 932 1402 969 Versus
1413 935 1541 969 autem

248 999 431 1035 secundus
453 999 532 1036 libr.
557 999 592 1035 II
621 1008 767 1044 „neque
791 1000 892 1035 enim
915 1001 1055 1045 patrios
1079 1009 1296 1044 cognoscere
1320 1009 1427 1036 casus
1450 1000 1542 1036 Iuno

248 1067 339 1103 sinit
347 1066 370 1081 ’¹
394 1067 578 1112 poeticum
603 1067 753 1112 quidem
779 1068 888 1103 sonat
911 1067 976 1103 sed
1000 1068 1149 1104 omnino
1168 1069 1262 1104 bono
1286 1077 1399 1104 sensu
1422 1066 1543 1102 vacat.

248 1134 370 1170 Homo
406 1134 506 1170 enim
543 1144 615 1171 non
641 1137 722 1170 tam
746 1135 933 1171 abiectum
956 1144 1076 1179 neque
1100 1137 1182 1171 tam
1206 1135 1280 1171 vile
1304 1138 1364 1171 est
1387 1137 1432 1170 ut
1455 1134 1545 1170 nihil

249 1202 320 1237 nisi
343 1202 635 1238 instrumentum
655 1202 707 1238 sit
718 1202 865 1239 divinae
879 1203 1082 1239 voluntatis
1094 1212 1214 1247 neque
1226 1213 1250 1239 a
1261 1202 1333 1238 diis
1345 1201 1546 1247 dependet,

249 1270 336 1314 quid
373 1270 497 1306 videre
530 1273 570 1306 et
595 1270 721 1307 audire
755 1271 790 1306 ei
815 1270 934 1307 liceat.
959 1270 1130 1307 Iasonem
1156 1279 1224 1316 ope
1247 1270 1399 1307 Iunonis
1424 1268 1546 1305 medio

248 1338 287 1373 in
312 1338 406 1374 mari
429 1339 626 1382 parentum
652 1340 813 1375 mortem
826 1348 899 1375 non
911 1338 1144 1383 cognovisse,
1157 1338 1329 1374 Valerius
1341 1339 1467 1373 narrat
1480 1336 1546 1372 sed

249 1409 403 1443 naturae
435 1406 535 1451 leges
565 1406 662 1442 fixae
686 1408 727 1443 et
750 1406 1003 1445 immutabiles
1027 1407 1127 1444 solae
1150 1406 1433 1452 impediverunt,
1459 1413 1547 1449 quo-

250 1474 374 1510 minus
398 1474 506 1511 Iason
531 1475 756 1511 calamitatis
779 1476 913 1518 certior
936 1475 1059 1512 factus
1085 1476 1154 1512 sit:
1180 1475 1332 1511 Iunonis
1351 1484 1439 1511 cura
1456 1473 1547 1510 nihil

249 1542 296 1577 ad
331 1551 411 1578 rem
446 1543 625 1587 pertinuit
660 1546 700 1580 et
735 1543 830 1579 falsa
861 1543 962 1580 fictio
994 1546 1065 1580 est.
1096 1544 1215 1580 Multa
1251 1542 1418 1580 doctrina
1454 1551 1547 1578 usus

249 1610 419 1646 Valerius
439 1613 585 1662 montes
605 1612 645 1647 et
665 1612 793 1654 urbes,
815 1621 908 1655 quas
924 1612 1172 1656 praetervecti
1185 1614 1276 1648 sunt
1287 1613 1546 1656 Argonautae,

251 1678 344 1714 satis
375 1678 532 1714 iucunde
564 1679 758 1724 descripsit
790 1679 853 1715 sed
888 1679 1024 1715 falsum
1047 1682 1312 1724 argumentum
1336 1679 1382 1715 de
1406 1678 1548 1724 primae

250 1746 359 1781 navis
383 1746 593 1781 maritimae
617 1746 749 1782 itinere
781 1746 969 1782 Valerium
993 1746 1141 1781 induxit
1160 1749 1205 1781 ut
1224 1749 1383 1782 terrores
1406 1745 1548 1790 primae

251 1813 371 1848 noctis
395 1822 507 1857 quam
531 1813 570 1849 in
590 1813 684 1849 mari
703 1814 948 1859 transegerint
969 1816 1122 1856 nautae,
1135 1814 1288 1858 pulchra
1299 1822 1389 1849 sane
1403 1821 1549 1856 compa-

252 1881 394 1917 ratione
420 1881 565 1917 43-46
590 1882 792 1918 instructos
817 1884 975 1918 caneret.
996 1881 1150 1926 Typhon
1171 1884 1301 1917 autem
1327 1875 1445 1917 socios
1470 1889 1549 1915 con-

251 1947 405 1985 firmans
441 1949 706 1986 astronomiam
738 1949 1002 1986 alienissimam
1027 1949 1074 1985 ab
1098 1948 1284 1993 imperitia
1309 1957 1456 1993 eorum,
1483 1947 1547 1992 qui

251 2017 370 2061 prima
393 2026 491 2053 nave
515 2018 614 2053 vecti
639 2020 749 2060 sunt,
774 2018 915 2063 profert
938 2015 1101 2063 (1-71).

300 2084 344 2120 In
367 2085 457 2121 libro
481 2085 599 2130 primo
624 2084 794 2122 Valerius
818 2085 970 2122 Flaccus
995 2084 1198 2121 maximam
1210 2092 1360 2128 operam
1374 2083 1485 2126 dedit,
1499 2092 1548 2119 ne

250 2152 362 2189 nimis
405 2151 545 2190 imitari
577 2153 766 2190 videretur
802 2154 1060 2204 Apollonium,
1104 2152 1274 2196 idemque
1308 2152 1347 2187 in
1385 2151 1549 2188 seeundo

247 2219 347 2262 libro,
372 2220 435 2256 ubi
460 2223 521 2256 res
542 2221 581 2256 in
605 2221 728 2257 insula
751 2220 892 2257 Lemno
916 2222 1043 2266 gestas
1066 2219 1251 2264 narravit,
1264 2218 1547 2264 diligentissime

248 2287 393 2326 studuit
417 2289 477 2335 ut,
503 2298 598 2334 quae
623 2289 789 2326 Rhodius
812 2298 887 2326 non
912 2289 1023 2326 huius
1049 2288 1117 2326 loci
1135 2297 1217 2324 esse
1230 2287 1548 2332 existimavisset‚

249 2356 355 2401 longo
379 2356 547 2392 anfractu
572 2360 888 2393 commemoraret.
