1874 2826
967 280 1016 315 80

385 388 423 425 A
458 388 596 433 Minyis
633 388 738 423 metu
775 395 849 423 nox
877 387 1039 432 exigitur
1075 388 1114 423 et
1148 387 1342 432 praecipue
1367 387 1474 425 Iason
1502 388 1643 426 consilii

336 457 445 503 inops
469 457 583 493 variis
608 456 705 491 curis
730 455 968 496 sollicitatur,
993 456 1107 492 donec
1129 456 1209 491 luce
1222 458 1352 492 exorta
1365 465 1407 492 se
1419 458 1641 495 confirmans

336 525 460 561 audax
484 524 675 560 consilium
700 524 771 559 init
795 532 880 559 cum
906 532 1039 559 novem
1064 523 1173 559 sociis
1198 524 1237 559 in
1262 523 1406 559 Aeetae
1428 526 1558 562 urbem
1570 526 1640 572 ire,

337 596 383 630 ut
406 592 522 638 ignoti
544 591 695 637 tyranni
720 593 887 627 mentem
912 591 1125 636 experiatur
1146 592 1201 633 et,
1226 590 1260 626 si
1279 590 1542 629 inexorabilem
1554 603 1641 630 eum

336 669 419 696 esse
456 659 689 703 cognoverit,
725 659 845 695 vellus
884 659 924 695 vi
954 659 1097 694 auferre
1131 661 1285 695 conetur
1309 657 1545 707 (296—328).
1571 661 1642 697 Per

336 729 483 763 noctem
520 726 649 762 Medea
686 726 800 762 variis
825 726 1004 763 monstris
1029 728 1070 762 et
1095 726 1186 762 diris
1210 726 1384 771 somniis,
1410 735 1505 771 quae
1528 727 1641 764 nimis

335 796 506 830 accurate
555 793 682 829 futura
719 794 936 838 praedicunt
973 794 1186 838 iterumque
1222 794 1405 839 virginem
1442 794 1641 830 scelestam

335 862 542 898 veneficam
587 863 627 898 et
675 862 893 906 parricidam
939 862 1199 898 demonstrant
1238 860 1324 908 (339
1362 863 1401 898 et
1438 862 1531 908 340,
1569 863 1641 899 348

335 939 481 975 quoque
507 932 548 966 et
572 931 663 965 349:
689 930 775 966 talis
789 956 798 964 .
814 956 823 964 .
838 956 846 965 .
862 957 870 966 .
898 930 1043 966 Colchis
1068 932 1149 966 erat
1174 930 1336 966 nondum
1361 930 1516 966 miseros
1528 940 1641 967 exosa

336 997 547 1046 parentes),
576 999 702 1044 „iubar
724 998 770 1034 ad
797 999 972 1043 placabile
995 999 1132 1035 Phoebi
1158 1001 1197 1035 et
1221 999 1420 1035 horrendas
1443 999 1642 1036 lustrantia

337 1066 494 1103 flumina
519 1069 649 1103 noctes
660 1064 682 1080 ''
707 1067 738 1102 it
769 1067 815 1112 1).
841 1066 945 1102 Visis
971 1067 1176 1112 hospitibus
1200 1067 1409 1111 perculsam
1435 1067 1643 1112 grandaeva

337 1135 526 1171 Henioche
551 1137 679 1171 monet
705 1136 873 1171 homines
899 1135 1105 1171 simillimos
1126 1135 1235 1171 Graio
1254 1135 1389 1171 Phrixo
1415 1135 1545 1171 Graios
1558 1144 1641 1171 esse

337 1203 573 1249 (329—362).
596 1203 735 1240 Statim
761 1204 870 1240 Iason
895 1213 918 1239 a
942 1203 1082 1239 Iunone
1095 1212 1189 1239 novo
1202 1204 1328 1239 robore
1340 1206 1379 1240 et
1392 1206 1499 1248 grata
1512 1204 1637 1239 iuven-

336 1274 419 1308 tute
443 1272 515 1317 ita,
544 1275 679 1308 auctus
716 1274 760 1308 ut
786 1272 905 1308 socios
929 1272 1035 1316 longe
1060 1272 1334 1317 superemineat
1360 1273 1414 1316 2),
1441 1275 1481 1308 et
1506 1272 1634 1308 Medea

335 1340 506 1386 pulchra,
534 1340 653 1385 qualis
677 1343 758 1377 erat
784 1340 1003 1385 Proserpina
1028 1339 1190 1376 nondum
1215 1350 1238 1376 a
1263 1339 1349 1377 Dite
1375 1341 1481 1385 rapta
1505 1339 1640 1386 (343—

334 1408 443 1454 347),
495 1411 651 1454 uterque
688 1409 834 1455 stupuit
871 1411 911 1445 et
949 1408 1094 1445 defixus
1130 1409 1168 1444 in
1201 1409 1287 1445 visu
1323 1411 1454 1445 mutuo
1498 1408 1637 1444 haeret.

335 1476 646 1523 Animadvertas‚
685 1478 765 1514 sine
803 1477 960 1513 Veneris
984 1477 1201 1513 interventu
1225 1477 1288 1513 vel
1313 1477 1463 1513 Amoris
1490 1477 1639 1521 sagittis

337 1545 456 1589 primo
490 1547 643 1590 aspectu
677 1545 824 1581 Medeae
859 1547 898 1581 et
931 1545 1073 1581 Iasonis
1100 1554 1265 1581 amorem
1309 1545 1495 1581 exardere.
1532 1544 1640 1580 Iason

338 1613 494 1648 comiter
527 1613 807 1649 erubescentem
832 1614 870 1648 et
895 1612 1071 1649 timidum
1095 1613 1235 1657 regiam
1258 1611 1385 1653 filiam,
1412 1621 1507 1657 quae
1533 1612 1640 1656 virgi·

338 1689 409 1716 neo
442 1683 548 1716 metu
583 1682 780 1716 cunctatur
804 1690 935 1716 vocem
958 1680 1086 1725 edere,
1132 1680 1313 1715 allocutus
1336 1680 1382 1715 ab
1408 1688 1452 1715 ea
1477 1680 1640 1715 monitus

336 1750 399 1783 est
423 1748 572 1784 hostem
596 1757 709 1793 prope
734 1749 863 1784 urbem
889 1757 983 1784 esse.
1010 1748 1112 1792 Quod
1136 1747 1353 1792 colloquium
1379 1749 1485 1783 extra
1510 1748 1638 1782 urbem

339 1816 477 1853 mirum
515 1819 594 1858 est,
633 1826 718 1853 cum
754 1816 886 1853 Perses
917 1826 1003 1853 cum
1037 1818 1095 1853 tot
1122 1816 1236 1861 copiis
1261 1825 1345 1852 eam
1371 1818 1566 1862 oppugnet.
1604 1816 1640 1852 A

339 1884 479 1921 Iunone
512 1885 666 1930 caligine
704 1886 830 1920 tectus
854 1884 993 1920 famula
1019 1884 1111 1920 duce
1138 1884 1320 1929 templum
1344 1884 1461 1920 intrat
1485 1885 1548 1921 ubi
1572 1893 1639 1920 rex

338 1961 507 1998 proceres
532 1952 635 1989 audit
661 1955 701 1989 et
725 1952 849 1998 populi
873 1961 1001 1998 preces
1026 1951 1260 1998 (363—406).

387 2021 527 2066 Operae
548 2022 711 2066 pretium
724 2023 784 2057 est
796 2022 932 2056 iterum
947 2020 1150 2057 Aeneidem
1163 2030 1372 2065 comparare
1387 2022 1405 2056 1
1423 2033 1431 2054 ε
1446 2020 1638 2056 411-—494

337 2091 377 2125 et
402 2088 541 2125 Valerii
566 2089 684 2125 Flacci
697 2088 962 2134 Argonautica.
990 2087 1058 2132 Qui
1074 2089 1201 2125 autem
1214 2088 1391 2125 Aeneidis
1403 2088 1504 2124 locus
1516 2087 1639 2124 admo-

382 2250 412 2288 1)
436 2249 503 2281 328
525 2250 556 2281 et
578 2248 643 2281 330
667 2258 728 2281 non
750 2247 933 2281 conveniunt
954 2248 1055 2280 versui
1078 2248 1142 2280 348
1166 2249 1234 2289 (cur
1255 2249 1359 2280 taedas
1381 2250 1481 2289 portat
1499 2249 1561 2281 sole
1579 2249 1640 2281 iam

336 2310 456 2340 exorto?
473 2333 480 2340 .

380 2367 414 2406 2)
437 2306 481 2399 c)f.
505 2366 659 2399 sinistram
683 2365 935 2405 comparationem
958 2365 1031 2404 371,
1057 2365 1132 2398 372.
