1874 2826
892 293 939 329 67

269 399 398 441 poetae
443 407 525 435 esse
567 398 764 445 Olympum
800 400 1001 445 beatosque
1041 399 1128 445 deos
1165 407 1294 436 canere
1332 397 1398 435 sed
1431 398 1562 444 poetici

267 465 404 510 ingenii
432 468 471 502 et
495 467 631 513 vigoris
655 468 776 513 inopia
797 468 949 504 Homeri
970 471 1010 505 et
1031 468 1183 513 Vergilii
1204 469 1408 504 sectatores
1428 467 1563 510 multa,

268 542 362 578 quae
383 536 422 571 et
442 531 582 580 pietate
603 543 689 580 erga
709 534 797 572 deos
817 538 953 572 vacant
974 537 1014 573 et
1034 536 1154 573 iocosa
1173 535 1335 573 veritate
1346 534 1562 580 Homerica,

266 601 419 639 finxisse
442 603 579 639 iterum
604 603 842 640 Valerianum
865 613 1013 640 carmen
1035 605 1150 641 docet.
1184 605 1276 640 Iuno
1295 604 1413 648 enim,
1436 607 1563 640 narrat

266 667 453 716 Valerius,
474 671 727 707 inimicissimo
748 672 817 708 sibi
837 673 937 709 heroi
957 672 993 709 in
1017 673 1111 709 silva
1132 673 1300 709 caedenti
1321 681 1454 709 ornum
1475 672 1561 708 insi-

266 738 398 775 diatur.
432 738 593 775 Deorum
626 739 752 783 regina
775 749 926 777 cervum
950 741 1235 786 pulcherrimum
1258 742 1378 787 Hylae
1402 741 1562 777 venandi

266 807 395 850 cupido
419 806 542 851 offert,
569 806 632 849 qui
658 806 852 843 velocitate
876 816 1032 852 puerum
1056 808 1150 844 fallit
1173 818 1331 853 eumque
1352 809 1398 844 ad
1418 809 1558 845 fontem

267 875 418 911 devium
448 874 606 919 avertit,
628 883 739 919 quem
759 874 941 911 transsilit
963 875 1064 920 Hyla
1086 885 1181 921 pone
1205 886 1246 913 se
1270 876 1406 913 relicto.
1442 876 1560 921 Quem

267 939 370 979 sitim
404 942 616 986 explentem
648 942 813 987 nympha
837 942 988 985 videns,
1022 944 1081 979 cui
1105 944 1196 979 Iuno
1220 938 1359 988 Hyla'm
1382 944 1559 981 maritum

265 1010 452 1057 promisit,
482 1011 631 1055 gratum
664 1019 843 1056 sponsum
873 1010 912 1047 in
942 1010 1132 1047 humidam
1157 1010 1284 1052 sedem
1309 1020 1416 1048 suam
1440 1011 1559 1048 detra·

264 1079 331 1115 hit.
357 1078 458 1123 Quod
482 1078 632 1114 Iunonis
651 1078 795 1114 facinus
813 1079 950 1115 mirum
971 1081 1032 1114 est
1044 1088 1112 1115 nec
1132 1079 1326 1115 Valeriano
1343 1081 1560 1123 argumento

264 1147 336 1192 ipsi
372 1146 541 1183 concinit.
577 1145 668 1182 Iuno
693 1146 793 1182 enim
818 1148 858 1182 et
883 1146 1020 1187 sociam
1057 1145 1263 1183 Minervam
1291 1144 1326 1192 1)
1365 1146 1500 1192 decipit
1522 1149 1563 1183 et

256 1216 519 1260 -ArgonautaS,
542 1215 675 1258 quibus
695 1214 872 1260 singulari
891 1214 1015 1251 studio
1034 1214 1155 1256 favet,
1173 1215 1342 1251 innoxios
1363 1214 1562 1251 fortissimo

265 1284 345 1319 viro
364 1283 502 1319 iniuste
523 1282 645 1326 privat
654 1309 663 1327 ,
682 1284 727 1318 ut
739 1282 820 1318 odio
832 1271 871 1318 in
883 1282 1082 1318 Herculem
1095 1282 1294 1327 indulgeat.
1314 1282 1406 1318 Iuno
1418 1292 1561 1327 quoque

264 1351 420 1388 crudelis
444 1351 563 1396 prima
586 1359 730 1395 quaque
755 1350 835 1387 luce
858 1353 1014 1387 ventum
1032 1350 1236 1387 secundum
1249 1350 1400 1387 adsidue
1413 1353 1560 1392 movet,

264 1424 308 1458 ut
340 1420 498 1457 Hercule
528 1420 655 1456 relicto
684 1420 941 1465 Argonautae,
967 1420 1030 1465 qui
1055 1422 1265 1456 maerentes
1289 1428 1409 1464 neque
1434 1422 1560 1456 tamen

263 1488 459 1526 Herculem
485 1491 656 1534 petentes
680 1491 830 1535 tempus
854 1490 994 1534 terunt,
1019 1488 1281 1534 profectionem
1306 1488 1561 1534 praecipitent.

264 1558 414 1604 Typhus
452 1561 577 1594 tamen
613 1558 812 1603 impatiens
841 1567 965 1594 morae
989 1560 1125 1594 nautas
1150 1558 1370 1593 cunctantes
1394 1558 1559 1602 increpat

264 1626 329 1663 sed
353 1627 461 1664 Iason
485 1627 634 1670 dubius,
660 1627 747 1671 quid
769 1626 881 1663 faciat
901 1636 969 1663 nec
989 1626 1190 1671 quidquam
1211 1627 1336 1663 iubere
1355 1636 1473 1663 ausus
1493 1627 1560 1663 hoc

264 1694 458 1731 arbitrium
491 1704 605 1741 penes
635 1695 752 1731 socios
776 1703 860 1731 esse
884 1694 983 1731 dicit.
1017 1694 1113 1730 Rixa
1136 1694 1235 1730 inter
1259 1694 1495 1731 Telamonem
1518 1696 1558 1730 et

263 1762 487 1809 Meleagrum
508 1765 632 1800 coorta
646 1750 804 1811 'tandem
816 1763 994 1808 proficisci
1006 1763 1210 1799 decernunt
1220 1790 1229 1805 ,
1252 1772 1371 1808 neque
1383 1763 1558 1799 certiores

263 1832 351 1868 facti
387 1842 570 1877 quaenam
605 1832 732 1868 futura
768 1832 819 1867 sit
857 1841 936 1868 sors
973 1831 1160 1875 Herculis,
1195 1840 1315 1876 neque
1361 1831 1426 1867 lite
1462 1831 1559 1867 inter

264 1901 463 1946 utrumque
483 1901 633 1937 heroem
655 1901 877 1947 composita,
898 1900 994 1945 quod
1011 1900 1050 1936 in
1070 1899 1208 1936 Valerii
1221 1900 1383 1936 carmine
1396 1899 1557 1936 maxime

264 1968 442 2004 desidero.

308 2092 341 2136 1)
378 2094 504 2127 Missam
536 2095 570 2126 in
603 2094 775 2127 Colchidem
796 2096 833 2127 ut
853 2094 933 2127 inter
953 2103 1055 2135 regem
1076 2094 1208 2136 Aeeten,
1235 2094 1355 2127 Medeae
1372 2094 1504 2134 patrem,
1527 2095 1559 2126 et

261 2152 373 2184 Persen
394 2153 517 2185 Medeae
538 2153 723 2185 matrimonii
745 2162 798 2193 spe
821 2153 999 2184 destitutum
1021 2153 1125 2185 foedus
1146 2154 1247 2185 nectat
1271 2149 1485 2194 (492—508).
