1874 2826
931 254 979 291 98

305 361 370 398 sed
403 362 477 398 iter
508 362 653 407 ipsum,
685 369 909 405 quamquam
942 360 1086 396 fabulae
1111 360 1241 396 nativa
1264 360 1383 396 forma
1406 360 1604 398 admodum

305 433 454 468 mutata
478 432 554 475 est,
578 429 765 476 proprium
789 429 1052 474 argumentum
1076 428 1227 465 mansit.
1253 428 1354 474 Opus
1377 430 1505 466 autem
1524 440 1606 476 per-

304 501 461 543 petuum
482 501 521 535 et
533 499 625 534 bene
637 497 835 533 cohaerens
847 496 971 532 effecit
983 495 1199 541 Apollonius
1211 496 1499 540 digressionibus
1510 500 1606 534 tere·

304 566 407 603 tibus
419 568 459 603 et
474 564 641 602 rotundis
653 564 814 601 veritate
826 572 899 600 non
912 563 1037 599 minus
1049 571 1161 608 quam
1174 562 1381 608 simplicate
1393 562 1605 610 descriptis,

305 634 435 670 deinde
451 635 554 679 epica
565 633 708 669 ratione
720 632 934 676 Homerica,
954 639 1048 675 quae
1061 631 1108 667 ad
1119 633 1280 666 venuste
1293 630 1519 667 narrandum
1531 630 1605 668 ma—

306 701 406 738 xime
431 701 586 747 profuit,
613 702 653 737 et
674 700 924 737 moderatione
945 708 988 736 ac
1008 699 1102 735 bono
1122 707 1255 744 sensu,
1275 707 1347 744 quo
1367 698 1491 735 omnia
1503 708 1607 736 asua

305 773 430 807 aetate
448 772 489 806 et
508 770 652 815 poetico
674 777 742 805 suo
759 768 905 813 ingenio
917 768 1035 804 aliena
1047 767 1184 804 omisit.
1210 767 1384 814 Studium
1396 766 1605 811 aequalium

305 846 377 883 quo
414 837 679 878 Callimachus,
717 835 899 881 Apollonii
932 835 1104 872 inimicus
1136 837 1176 871 et
1196 834 1431 871 adversarius
1455 836 1605 871 auctore

305 906 501 942 Athenaeo
530 905 583 941 ΙΙΙ
605 904 699 941 :284
725 903 762 938 τὸ
787 903 884 946 μέγα
910 902 1045 945 βίβλων
1067 902 1132 937 ἴσον
1155 901 1271 944 ἔλεγεν
1292 899 1374 936 εἶναι
1395 901 1441 945 τῷ
1461 900 1606 945 μεγάλῳ

303 972 394 1017 κακῷ
420 976 460 1010 et
484 982 560 1018 quo·
580 983 695 1018 parva
719 971 877 1008 Erinnae
903 973 1075 1017 poemata
1099 972 1138 1008 in
1162 980 1296 1016 magno
1321 970 1457 1006 honore
1477 971 1604 1015 erant,

305 1042 496 1087 Apollonio
525 1041 605 1078 sine
629 1041 737 1077 dubio
762 1040 968 1077 maximam
993 1040 1197 1076 utilitatem
1222 1038 1351 1075 attulit
1376 1038 1422 1074 ad
1447 1039 1541 1075 bene
1565 1041 1606 1075 et

305 1111 476 1146 accurate
489 1109 733 1154 digressiones
748 1107 1015 1145 describendas.
1041 1106 1169 1152 Neque
1182 1106 1298 1143 Couat
1310 1114 1429 1151 neque
1441 1105 1604 1151 Mahaffy

305 1178 402 1214 hanc
426 1177 658 1223 Apolloniani
683 1176 856 1213 carminis
880 1177 1064 1213 virtutem
1085 1175 1179 1211 satis
1203 1174 1456 1211 laudaverunt.

354 1246 571 1290 Antequam
595 1244 743 1281 Medeae
768 1244 807 1280 in
832 1243 1004 1279 Iasonem
1028 1250 1191 1279 amorem
1215 1244 1432 1278 nascentem
1456 1250 1606 1278 narrare

305 1322 458 1358 pergam
466 1340 475 1358 ,
489 1321 563 1349 non
575 1321 728 1357 possum
740 1312 830 1356 quin
842 1311 1024 1355 prioribus
1034 1309 1194 1346 laudatis
1204 1337 1214 1355 ‚
1227 1309 1361 1354 quibus
1373 1309 1498 1346 studia
1508 1311 1603 1346 tem-

305 1379 404 1425 poris
425 1379 501 1416 iam
513 1379 574 1415 hic
586 1381 698 1424 atque
710 1378 786 1415 illic
797 1377 1010 1424 apparuerit
1018 1404 1028 1419 ‚
1053 1376 1100 1413 ad
1113 1377 1202 1413 bene
1214 1376 1438 1421 singularem
1450 1385 1607 1421 sequen-

305 1448 357 1485 tis
370 1447 609 1493 digressionis
620 1447 802 1484 virtutem
813 1445 1088 1491 intelligendam
1097 1473 1106 1491 ‚
1126 1445 1375 1481 demonstrem
1386 1472 1395 1487 ,
1413 1454 1486 1490 quo
1498 1445 1606 1482 modo

305 1516 477 1553 omnibus
496 1515 603 1552 bonis
623 1517 671 1552 et⁴
683 1515 801 1561 gratis
822 1515 951 1560 rebus,
974 1523 1067 1559 quae
1087 1513 1418 1550 Alexandrinorum
1439 1513 1605 1559 propriae

307 1585 403 1631 sint,
437 1583 653 1630 Apollonius
685 1583 733 1620 ad
764 1592 913 1620 carmen
950 1582 1239 1628 componendum
1272 1592 1365 1619 usus
1390 1582 1441 1618 sit
1464 1574 1536 1627 ita,
1561 1584 1605 1618 ut

305 1652 556 1698 Argonautica
578 1652 654 1688 sint
673 1651 888 1696 exemplum
900 1651 1065 1687 omnium
1077 1651 1261 1688 virtutum
1271 1679 1280 1696 ‚
1301 1651 1435 1695 quibus
1446 1649 1607 1686 Alexan·

306 1720 402 1757 drini
432 1719 695 1756 excelluerunt.
730 1720 790 1756 Ab
823 1719 1063 1764 Apolloniana
1095 1721 1221 1756 autem
1254 1719 1396 1755 ratione
1421 1717 1609 1754 nonnullis

305 1789 395 1825 locis
431 1788 598 1832 exceptis
635 1787 741 1832 longe
778 1788 916 1822 absunt
952 1795 996 1822 ea
1019 1784 1159 1832 omnia,
1198 1787 1332 1831 quibus
1356 1785 1605 1821 Alexandrina

305 1856 430 1901 poesis
451 1856 547 1892 male
569 1855 724 1892 audivit.
750 1855 823 1891 Ubi
844 1855 943 1891 enim
963 1863 1022 1891 res
1035 1855 1261 1901 postulabat,
1283 1853 1451 1890 adhibuit
1461 1862 1607 1899 geogra-

305 1924 452 1970 phicam
489 1925 530 1960 et
568 1923 783 1960 historicam
816 1922 1039 1968 doctrinam,
1074 1932 1185 1968 quam
1209 1922 1356 1959 ornavit
1381 1921 1609 1958 amoenitate

305 1993 461 2029 naturae
486 1990 522 2038 1)
548 1991 641 2028 libro
666 1990 825 2027 secundo
850 1976 1059 2035 gratissime
1080 1991 1273 2036 descripta.
1314 1990 1509 2026 Praeterea
1532 1998 1605 2025 non

349 2162 381 2203 1)
404 2163 450 2195 Cf.
473 2162 607 2202 Mahaffy
632 2161 708 2194 243.
733 2161 776 2193 Of
794 2161 932 2193 Philetas
950 2171 993 2194 we
1004 2171 1060 2193 can
1070 2163 1152 2194 trace
1162 2163 1215 2194 not
1226 2161 1606 2201 onlyinthisfragments,

304 2221 359 2253 but
380 2221 445 2253 still
466 2230 549 2253 more
571 2220 604 2252 in
627 2220 676 2252 his
697 2219 786 2261 pupil
808 2219 983 2252 Theocritus
1004 2220 1072 2252 that
1093 2220 1209 2253 bucolic
1229 2219 1318 2258 vain,
1340 2219 1408 2251 that
1425 2219 1491 2252 love
1508 2219 1542 2252 of
1555 2220 1610 2252 the

306 2281 430 2320 country
453 2279 513 2311 and
532 2279 566 2311 of
578 2279 715 2311 external
725 2280 849 2319 nature,
868 2278 966 2310 which
977 2288 1037 2310 was
1048 2279 1194 2320 certainly
1204 2278 1340 2318 wanting
1349 2278 1382 2309 in
1393 2278 1605 2311 Callimachus.

348 2337 432 2376 Quod
455 2337 601 2370 indicium
622 2337 744 2370 laudavi
763 2338 799 2368 ut
816 2336 1006 2377 intelligatur
1016 2337 1127 2369 multos
1137 2335 1356 2369 Alexandrinos
1366 2337 1469 2376 poetas
1480 2337 1606 2369 naturae
