1874 2826
914 281 937 316 5

277 384 424 429 regione
447 386 569 422 fabula
593 387 743 423 exstitit
766 389 805 423 et
830 389 960 423 ornata
984 388 1063 431 est,
1090 385 1259 430 gentium
1272 385 1575 431 migrationibus,

278 461 374 497 quae
410 453 682 502 Heraclidarum
718 454 928 501 inruptione
965 453 1156 490 Graeciam
1196 455 1399 499 vexarunt,
1424 453 1575 491 Doricae

278 522 319 556 et
349 521 491 558 Ionicae
519 523 622 567 genti
654 523 844 567 cedentes,
878 524 1109 568 posterorum
1146 522 1339 567 praeconio
1365 526 1577 559 caruerunt.

277 588 414 627 Mansit
439 599 482 627 eo
495 591 602 628 modo
616 591 773 628 materia
784 590 930 637 propria
938 618 949 634 ‚
970 599 1044 627 non
1064 591 1140 627 iam
1153 589 1379 627 carminibus
1392 589 1576 627 celebrata

279 667 347 693 nec
379 659 440 695 illa
475 660 740 704 rhapsodorum
772 660 929 705 familia,
967 659 1026 695 cui
1058 668 1193 695 nomen
1227 659 1300 695 fuit
1333 659 1573 703 Homeridae,

276 726 424 763 exculta
454 727 651 772 auctaque,
685 729 724 763 et
753 727 890 764 litteris
914 736 988 763 non
1014 727 1190 763 mandata
1215 727 1254 762 in
1279 727 1473 763 hominum
1497 737 1575 764 me-

277 794 394 831 moria
419 795 492 831 fuit
515 796 617 832 fluxa
638 798 678 831 et
699 796 924 831 inconstans.
951 795 1062 839 Apud
1088 794 1266 839 plurimos
1285 798 1414 832 autem
1427 798 1577 833 constat

276 861 575 906 Argonautarum
601 862 764 898 fabulam
789 863 932 907 proprie
957 864 1123 907 spectare
1136 862 1182 897 ad
1194 862 1468 906 navigationes,
1481 872 1576 907 quas

276 929 424 974 Minyae
449 940 533 966 cum
557 931 594 967 in
618 932 739 966 terras
763 930 855 966 alias
879 931 1042 966 remotas
1067 933 1150 966 tum
1163 930 1201 966 in
1215 929 1376 967 Pontum
1388 930 1576 968 Euxinum

276 996 462 1040 suscipere
496 998 577 1032 ausi
615 999 717 1041 sunt.¹
741 996 921 1032 Phrixum
946 996 1112 1040 Minyam
1138 997 1238 1041 regia
1264 997 1381 1041 stirpe
1407 998 1576 1033 colonum

275 1064 410 1109 fuisse‚
435 1065 497 1108 qui
522 1066 620 1101 civili
645 1065 824 1101 discordia
848 1065 1005 1101 alteram
1031 1065 1191 1109 patriam
1213 1066 1340 1109 petere
1362 1068 1512 1101 coactus
1525 1066 1575 1102 sit
1610 1070 1616 1077 '

278 1140 390 1175 seque
423 1141 507 1168 cum
536 1132 727 1177 peregrina
750 1133 860 1177 gente
884 1131 1029 1168 foedere
1055 1133 1095 1168 et
1115 1131 1299 1168 affinitate
1324 1132 1580 1178 coniunxerit,

276 1200 356 1236 veri
381 1200 500 1236 simile
525 1200 615 1236 mihi
639 1209 722 1236 esse
742 1199 909 1245 videtur,
936 1199 975 1236 cf
991 1199 1107 1236 Schol.
1122 1200 1168 1236 ad
1182 1200 1300 1246 Apoll.
1316 1201 1433 1237 Rhod.
1450 1204 1468 1236 1
1481 1212 1490 1236 :
1503 1201 1579 1237 933

276 1267 295 1307 ἧ
321 1265 518 1310 Λάμψακος
552 1267 589 1302 τὸ
624 1267 774 1311 πρότερον
799 1266 942 1303 Πιτύεια
966 1267 1238 1312 προσηγορεύετο,
1262 1267 1298 1309 ἤν
1323 1281 1409 1308 τινες
1434 1268 1576 1304 Πιτύεια

276 1333 479 1379 ὀνομάζουσι.
506 1335 603 1376 Τινὲς
628 1334 665 1371 δέ
693 1337 799 1380 <paco-m
824 1334 873 1371 ὅτι
895 1334 1022 1381 Φρίξος
1042 1335 1216 1379 γενόμενος
1239 1335 1391 1372 ἔντοιυθα
1413 1335 1576 1382 θησαυρὸν

277 1402 395 1444 ἔθηκεν
415 1403 472 1438 καὶ
498 1404 567 1439 ἀπὸ
592 1403 707 1438 τούτου
732 1405 751 1444 ἧ
779 1404 877 1443 πόλις
903 1403 1093 1446 ὠνομάσθη.
1121 1408 1249 1449 Θρᾷκες
1265 1405 1332 1448 γὰρ
1357 1405 1411 1439 τὸν
1425 1405 1575 1449 θησαυρὸν

276 1470 392 1512 orm-dnn
416 1471 561 1514 λέγουσι.
587 1472 713 1509 Aureo
737 1472 871 1508 vellere
895 1471 928 1518 1)
955 1473 1153 1518 significari
1179 1473 1331 1510 divitias
1355 1474 1515 1510 recentis
1537 1472 1575 1520 2)

272 1603 455 1645 intelligitur
488 1604 618 1643 Iolcum,
653 1603 890 1646 Orchomenum,
924 1603 1100 1637 Corinthum
1133 1604 1247 1645 mythis
1281 1606 1312 1637 et
1344 1604 1457 1637 fabulis
1478 1604 1578 1646 Argo-

272 1665 435 1695 nautarum
457 1663 515 1695 iter
537 1663 711 1696 celebrasse.

316 1721 486 1754 Admodum
515 1723 698 1763 mercaturae
720 1722 751 1753 et
771 1721 957 1761 navigationi
980 1721 1141 1753 studebant
1163 1722 1303 1764 Minyae,
1326 1722 1360 1754 cf
1378 1722 1522 1755 Lucanus
1544 1723 1576 1754 in

275 1781 384 1812 Phars.
407 1780 454 1813 VI
479 1790 489 1811 =
512 1780 577 1812 385
600 1788 676 1821 gens
697 1780 814 1812 incluta
834 1779 936 1812 remis.

319 1840 352 1880 1)
375 1840 421 1873 De
443 1840 536 1872 variis
558 1840 715 1873 sententiis
735 1839 875 1880 prolatis,
898 1839 972 1879 quid
993 1838 1085 1872 fuerit
1106 1839 1184 1872 illud
1206 1840 1306 1872 vellus
1329 1851 1470 1880 aureum,
1493 1841 1577 1874 Wei-

274 1898 368 1930 cherti
390 1907 468 1938 opus
480 1898 529 1938 (de
539 1899 599 1938 Ap.
608 1897 703 1929 Rhod.
718 1897 816 1938 1821)
828 1897 974 1937 inspicere
984 1897 1115 1937 pretium
1127 1899 1175 1929 est
1186 1897 1409 1930 diversissimas
1420 1899 1576 1939 opiniones

273 1957 478 1990 enumerantis
510 1957 555 1998 (p.
593 1955 793 1997 107—112):
826 1956 883 1988 iter
913 1956 1158 1996 Argonautarum
1192 1956 1231 1988 ad
1261 1966 1377 1989 errores
1411 1957 1579 1990 Abrahami

273 2015 465 2056 filiorumque
497 2017 649 2056 spectare3
682 2015 780 2047 vellus
812 2024 937 2047 aureum
970 2023 1035 2046 esse
1067 2014 1179 2046 librum
1211 2015 1244 2046 in
1275 2025 1335 2055 quo
1356 2016 1423 2047 auri
1445 2016 1576 2048 faciendi

274 2074 352 2108 ratio
373 2076 454 2108 esset
475 2074 641 2116 descripta3
663 2074 814 2115 insignem
836 2082 901 2106 esse
924 2072 956 2105 in
978 2072 1065 2105 navis
1087 2072 1217 2114 aplustri
1239 2074 1294 2105 aut
1312 2073 1491 2114 (secundum
1503 2074 1578 2108 Dio-

272 2133 393 2174 nysium
415 2133 638 2174 Mitylinaenm)
662 2134 761 2165 cutem
779 2132 884 2165 Phrixi
905 2132 1015 2165 tutoris
1036 2132 1138 2164 Iasoni
1157 2131 1309 2170 adiuncti,
1330 2142 1408 2173 quae
1419 2133 1577 2166 interfecto

273 2192 408 2224 detracta
440 2193 519 2224 esset
553 2193 583 2224 et
604 2193 728 2230 aurata3
750 2192 799 2224 vel
820 2193 952 2223 statuam
975 2191 1125 2223 thesauris
1147 2191 1280 2222 collectis
1301 2191 1433 2231 positam
1455 2192 1489 2223 in
1511 2192 1579 2224 Col-

272 2250 375 2291 chide;
412 2251 579 2292 significari
612 2258 721 2283 aurum
754 2251 916 2284 velleribus
949 2250 983 2283 in
1015 2250 1139 2282 flumine
1169 2249 1344 2291 inventum3
1369 2259 1436 2283 esse
1458 2260 1578 2292 quoque

271 2308 403 2341 ferarum
426 2309 538 2341 vellera
558 2318 577 2341 a
599 2309 713 2350 Minyis
735 2318 837 2342 secum
859 2309 992 2342 reducta.

318 2367 352 2408 2)
373 2367 526 2400 Weichert
549 2367 749 2409 (112—114)
769 2368 854 2401 docet
872 2368 996 2401 arietem
1014 2367 1053 2400 ad
1072 2367 1193 2399 divitias
1214 2368 1360 2407 spectare.
1380 2368 1413 2401 cf
1430 2368 1576 2401 Artemid.
