<?xml version="1.0" encoding="UTF-8"?>
<!DOCTYPE html PUBLIC "-//W3C//DTD XHTML 1.0 Transitional//EN"
    "http://www.w3.org/TR/xhtml1/DTD/xhtml1-transitional.dtd">
<html xmlns="http://www.w3.org/1999/xhtml" xml:lang="en" lang="en">
 <head>
  <title>
</title>
<meta http-equiv="Content-Type" content="text/html;charset=utf-8" />
  <meta name='ocr-system' content='tesseract 3.04.00' />
  <meta name='ocr-capabilities' content='ocr_page ocr_carea ocr_par ocr_line ocrx_word'/>
</head>
<body>
  <div class='ocr_page' id='page_1' title='image "4737390_0061.png"; bbox 0 0 1874 2826; ppageno 0'>
   <div class='ocr_carea' id='block_1_1' title="bbox 832 301 879 337">
    <p class='ocr_par' dir='ltr' id='par_1_1' title="bbox 832 301 879 337">
     <span class='ocr_line' id='line_1_1' title="bbox 832 301 879 337; baseline 0.021 -1"><span class='ocrx_word' id='word_1_1' title='bbox 832 301 879 337; x_wconf 83' lang='lat'>47</span> 
     </span>
    </p>
   </div>
   <div class='ocr_carea' id='block_1_2' title="bbox 210 403 1510 2353">
    <p class='ocr_par' dir='ltr' id='par_1_2' title="bbox 210 403 1510 2353">
     <span class='ocr_line' id='line_1_2' title="bbox 212 403 1507 452; baseline 0.001 -13"><span class='ocrx_word' id='word_1_2' title='bbox 212 403 382 441; x_wconf 91' lang='lat' dir='ltr'>Valerius</span> <span class='ocrx_word' id='word_1_3' title='bbox 393 405 541 443; x_wconf 90' lang='lat' dir='ltr'>videtur</span> <span class='ocrx_word' id='word_1_4' title='bbox 552 407 695 452; x_wconf 88' lang='lat' dir='ltr'>primus</span> <span class='ocrx_word' id='word_1_5' title='bbox 709 407 863 444; x_wconf 86' lang='lat' dir='ltr'>finxisse</span> <span class='ocrx_word' id='word_1_6' title='bbox 876 407 1082 444; x_wconf 79' lang='lat' dir='ltr'><strong>Thoantem</strong></span> <span class='ocrx_word' id='word_1_7' title='bbox 1094 406 1133 442; x_wconf 90' lang='lat' dir='ltr'>in</span> <span class='ocrx_word' id='word_1_8' title='bbox 1146 405 1343 442; x_wconf 81' lang='lat' dir='ltr'><strong>Tauricam</strong></span> <span class='ocrx_word' id='word_1_9' title='bbox 1356 404 1507 441; x_wconf 86' lang='lat' dir='ltr'>Cherso-</span> 
     </span>
     <span class='ocr_line' id='line_1_3' title="bbox 214 473 1510 519; baseline 0.001 -11"><span class='ocrx_word' id='word_1_10' title='bbox 214 481 348 509; x_wconf 86' lang='lat' dir='ltr'>nesum</span> <span class='ocrx_word' id='word_1_11' title='bbox 371 474 554 516; x_wconf 88' lang='lat' dir='ltr'>evasisse,</span> <span class='ocrx_word' id='word_1_12' title='bbox 580 475 680 512; x_wconf 89' lang='lat' dir='ltr'>nulla</span> <span class='ocrx_word' id='word_1_13' title='bbox 704 476 776 512; x_wconf 87' lang='lat' dir='ltr'>alia</span> <span class='ocrx_word' id='word_1_14' title='bbox 800 485 913 511; x_wconf 87' lang='lat' dir='ltr'>causa</span> <span class='ocrx_word' id='word_1_15' title='bbox 924 475 996 511; x_wconf 88' lang='lat' dir='ltr'>nisi</span> <span class='ocrx_word' id='word_1_16' title='bbox 1008 474 1105 519; x_wconf 89' lang='lat' dir='ltr'>quod</span> <span class='ocrx_word' id='word_1_17' title='bbox 1116 473 1348 510; x_wconf 89' lang='lat' dir='ltr'>conveniunt</span> <span class='ocrx_word' id='word_1_18' title='bbox 1358 473 1510 510; x_wconf 88' lang='lat' dir='ltr'>nomina</span> 
     </span>
     <span class='ocr_line' id='line_1_4' title="bbox 213 541 1508 589; baseline 0 -12"><span class='ocrx_word' id='word_1_19' title='bbox 213 541 329 584; x_wconf 82' lang='lat' dir='ltr'>patris</span> <span class='ocrx_word' id='word_1_20' title='bbox 353 541 578 588; x_wconf 88' lang='lat' dir='ltr'>Hypsipyles</span> <span class='ocrx_word' id='word_1_21' title='bbox 602 546 642 579; x_wconf 92' lang='lat' dir='ltr'>et</span> <span class='ocrx_word' id='word_1_22' title='bbox 665 544 761 589; x_wconf 80' lang='lat' dir='ltr'>eiuS,</span> <span class='ocrx_word' id='word_1_23' title='bbox 783 553 855 587; x_wconf 88' lang='lat' dir='ltr'>quo</span> <span class='ocrx_word' id='word_1_24' title='bbox 866 544 1046 588; x_wconf 79' lang='lat' dir='ltr'>regnante</span> <span class='ocrx_word' id='word_1_25' title='bbox 1058 542 1299 587; x_wconf 89' lang='lat' dir='ltr'>Iphigeniain</span> <span class='ocrx_word' id='word_1_26' title='bbox 1313 541 1508 577; x_wconf 81' lang='lat' dir='ltr'>Tauricam</span> 
     </span>
     <span class='ocr_line' id='line_1_5' title="bbox 212 607 1508 655; baseline 0.001 -11"><span class='ocrx_word' id='word_1_27' title='bbox 212 607 479 646; x_wconf 82' lang='lat' dir='ltr'><strong>Chersonesum</strong></span> <span class='ocrx_word' id='word_1_28' title='bbox 503 611 686 647; x_wconf 89' lang='lat' dir='ltr'>translata</span> <span class='ocrx_word' id='word_1_29' title='bbox 711 614 781 648; x_wconf 88' lang='lat' dir='ltr'>est.</span> <span class='ocrx_word' id='word_1_30' title='bbox 807 611 911 647; x_wconf 84' lang='lat' dir='ltr'>Idem</span> <span class='ocrx_word' id='word_1_31' title='bbox 936 611 1126 647; x_wconf 82' lang='lat' dir='ltr'>invenitur</span> <span class='ocrx_word' id='word_1_32' title='bbox 1150 610 1189 646; x_wconf 93' lang='lat' dir='ltr'>in</span> <span class='ocrx_word' id='word_1_33' title='bbox 1202 610 1353 655; x_wconf 81' lang='lat' dir='ltr'><strong>Fabulis</strong></span> <span class='ocrx_word' id='word_1_34' title='bbox 1365 609 1508 655; x_wconf 89' lang='lat' dir='ltr'>Hygini</span> 
     </span>
     <span class='ocr_line' id='line_1_6' title="bbox 213 675 1506 722; baseline 0.002 -11"><span class='ocrx_word' id='word_1_35' title='bbox 213 675 251 711; x_wconf 91' lang='lat' dir='ltr'>C.</span> <span class='ocrx_word' id='word_1_36' title='bbox 281 677 336 712; x_wconf 87' lang='lat'>15.</span> <span class='ocrx_word' id='word_1_37' title='bbox 358 676 452 714; x_wconf 87' lang='lat' dir='ltr'>Cum</span> <span class='ocrx_word' id='word_1_38' title='bbox 475 680 604 713; x_wconf 88' lang='lat' dir='ltr'>autem</span> <span class='ocrx_word' id='word_1_39' title='bbox 627 681 772 715; x_wconf 86' lang='lat' dir='ltr'>constet</span> <span class='ocrx_word' id='word_1_40' title='bbox 793 679 890 714; x_wconf 90' lang='lat' dir='ltr'>hunc</span> <span class='ocrx_word' id='word_1_41' title='bbox 913 678 1135 714; x_wconf 86' lang='lat' dir='ltr'>Fabularum</span> <span class='ocrx_word' id='word_1_42' title='bbox 1154 679 1288 714; x_wconf 90' lang='lat' dir='ltr'>librum</span> <span class='ocrx_word' id='word_1_43' title='bbox 1305 687 1379 714; x_wconf 90' lang='lat' dir='ltr'>non</span> <span class='ocrx_word' id='word_1_44' title='bbox 1394 678 1506 722; x_wconf 81' lang='lat' dir='ltr'>scrip-</span> 
     </span>
     <span class='ocr_line' id='line_1_7' title="bbox 212 744 1506 794; baseline 0 -14"><span class='ocrx_word' id='word_1_45' title='bbox 212 745 295 780; x_wconf 90' lang='lat' dir='ltr'>tum</span> <span class='ocrx_word' id='word_1_46' title='bbox 318 753 402 780; x_wconf 90' lang='lat' dir='ltr'>esse</span> <span class='ocrx_word' id='word_1_47' title='bbox 421 745 469 781; x_wconf 90' lang='lat' dir='ltr'>ab</span> <span class='ocrx_word' id='word_1_48' title='bbox 487 744 646 790; x_wconf 86' lang='lat' dir='ltr'>Hygino,</span> <span class='ocrx_word' id='word_1_49' title='bbox 665 745 828 791; x_wconf 81' lang='lat' dir='ltr'>Augusti</span> <span class='ocrx_word' id='word_1_50' title='bbox 851 745 1013 791; x_wconf 88' lang='lat' dir='ltr'>aequali,</span> <span class='ocrx_word' id='word_1_51' title='bbox 1035 745 1233 794; x_wconf 87' lang='lat' dir='ltr'>verisimile</span> <span class='ocrx_word' id='word_1_52' title='bbox 1260 755 1343 782; x_wconf 89' lang='lat' dir='ltr'>esse</span> <span class='ocrx_word' id='word_1_53' title='bbox 1357 745 1506 782; x_wconf 89' lang='lat' dir='ltr'>videtur</span> 
     </span>
     <span class='ocr_line' id='line_1_8' title="bbox 212 812 1504 858; baseline 0.002 -11"><span class='ocrx_word' id='word_1_54' title='bbox 212 812 453 856; x_wconf 76' lang='lat' dir='ltr'>posteriorem</span> <span class='ocrx_word' id='word_1_55' title='bbox 465 812 670 848; x_wconf 87' lang='lat' dir='ltr'>fabularum</span> <span class='ocrx_word' id='word_1_56' title='bbox 683 813 914 857; x_wconf 82' lang='lat' dir='ltr'>scriptorem,</span> <span class='ocrx_word' id='word_1_57' title='bbox 928 814 988 849; x_wconf 91' lang='lat' dir='ltr'>cui</span> <span class='ocrx_word' id='word_1_58' title='bbox 1000 814 1251 857; x_wconf 89' lang='lat' dir='ltr'>Argonautica</span> <span class='ocrx_word' id='word_1_59' title='bbox 1263 815 1504 858; x_wconf 85' lang='lat' dir='ltr'>exspectatus</span> 
     </span>
     <span class='ocr_line' id='line_1_9' title="bbox 212 878 1504 923; baseline 0.002 -9"><span class='ocrx_word' id='word_1_60' title='bbox 212 878 295 914; x_wconf 87' lang='lat' dir='ltr'>fons</span> <span class='ocrx_word' id='word_1_61' title='bbox 306 879 434 923; x_wconf 83' lang='lat' dir='ltr'>fuerit,</span> <span class='ocrx_word' id='word_1_62' title='bbox 462 879 556 915; x_wconf 87' lang='lat' dir='ltr'>hanc</span> <span class='ocrx_word' id='word_1_63' title='bbox 580 880 830 916; x_wconf 83' lang='lat' dir='ltr'>narrationem</span> <span class='ocrx_word' id='word_1_64' title='bbox 855 889 876 915; x_wconf 89' lang='lat' dir='ltr'>e</span> <span class='ocrx_word' id='word_1_65' title='bbox 901 879 1049 915; x_wconf 91' lang='lat' dir='ltr'>Valerio</span> <span class='ocrx_word' id='word_1_66' title='bbox 1073 880 1254 916; x_wconf 82' lang='lat' dir='ltr'>hausisse.</span> <span class='ocrx_word' id='word_1_67' title='bbox 1268 880 1343 916; x_wconf 87' lang='lat' dir='ltr'>Suo</span> <span class='ocrx_word' id='word_1_68' title='bbox 1354 881 1504 917; x_wconf 90' lang='lat' dir='ltr'>arbitrio</span> 
     </span>
     <span class='ocr_line' id='line_1_10' title="bbox 211 947 1501 991; baseline 0.001 -9"><span class='ocrx_word' id='word_1_69' title='bbox 211 948 361 982; x_wconf 87' lang='lat' dir='ltr'>tantum</span> <span class='ocrx_word' id='word_1_70' title='bbox 385 947 480 982; x_wconf 89' lang='lat' dir='ltr'>hanc</span> <span class='ocrx_word' id='word_1_71' title='bbox 503 956 639 983; x_wconf 91' lang='lat' dir='ltr'>novam</span> <span class='ocrx_word' id='word_1_72' title='bbox 664 956 742 983; x_wconf 89' lang='lat' dir='ltr'>rem</span> <span class='ocrx_word' id='word_1_73' title='bbox 764 947 934 984; x_wconf 87' lang='lat' dir='ltr'>Valerius</span> <span class='ocrx_word' id='word_1_74' title='bbox 958 948 1116 983; x_wconf 90' lang='lat' dir='ltr'>inseruit</span> <span class='ocrx_word' id='word_1_75' title='bbox 1135 948 1284 983; x_wconf 90' lang='lat' dir='ltr'>consilio</span> <span class='ocrx_word' id='word_1_76' title='bbox 1308 950 1348 983; x_wconf 93' lang='lat' dir='ltr'>et</span> <span class='ocrx_word' id='word_1_77' title='bbox 1368 948 1501 991; x_wconf 87' lang='lat' dir='ltr'>studio,</span> 
     </span>
     <span class='ocr_line' id='line_1_11' title="bbox 211 1014 1502 1060; baseline 0 -10"><span class='ocrx_word' id='word_1_78' title='bbox 211 1014 306 1058; x_wconf 91' lang='lat' dir='ltr'>quod</span> <span class='ocrx_word' id='word_1_79' title='bbox 338 1014 692 1060; x_wconf 89' lang='lat' dir='ltr'>mythographorum</span> <span class='ocrx_word' id='word_1_80' title='bbox 724 1015 911 1060; x_wconf 87' lang='lat' dir='ltr'>proprium</span> <span class='ocrx_word' id='word_1_81' title='bbox 957 1016 1033 1059; x_wconf 93' lang='lat' dir='ltr'>est,</span> <span class='ocrx_word' id='word_1_82' title='bbox 1080 1024 1151 1058; x_wconf 90' lang='lat' dir='ltr'>quo</span> <span class='ocrx_word' id='word_1_83' title='bbox 1198 1023 1372 1060; x_wconf 82' lang='lat' dir='ltr'>persaepe</span> <span class='ocrx_word' id='word_1_84' title='bbox 1410 1015 1502 1051; x_wconf 82' lang='lat' dir='ltr'>duae</span> 
     </span>
     <span class='ocr_line' id='line_1_12' title="bbox 211 1082 1504 1127; baseline 0 -9"><span class='ocrx_word' id='word_1_85' title='bbox 211 1082 354 1119; x_wconf 87' lang='lat' dir='ltr'>fabulae</span> <span class='ocrx_word' id='word_1_86' title='bbox 390 1083 429 1118; x_wconf 93' lang='lat' dir='ltr'>in</span> <span class='ocrx_word' id='word_1_87' title='bbox 465 1092 578 1118; x_wconf 89' lang='lat' dir='ltr'>unam</span> <span class='ocrx_word' id='word_1_88' title='bbox 616 1082 781 1119; x_wconf 89' lang='lat' dir='ltr'>conlatae</span> <span class='ocrx_word' id='word_1_89' title='bbox 815 1083 892 1118; x_wconf 89' lang='lat' dir='ltr'>sint</span> <span class='ocrx_word' id='word_1_90' title='bbox 929 1084 968 1118; x_wconf 90' lang='lat' dir='ltr'>et</span> <span class='ocrx_word' id='word_1_91' title='bbox 993 1082 1115 1127; x_wconf 86' lang='lat' dir='ltr'>mythi</span> <span class='ocrx_word' id='word_1_92' title='bbox 1149 1082 1387 1127; x_wconf 86' lang='lat' dir='ltr'>simpliciores</span> <span class='ocrx_word' id='word_1_93' title='bbox 1416 1083 1504 1118; x_wconf 88' lang='lat' dir='ltr'>facti</span> 
     </span>
     <span class='ocr_line' id='line_1_13' title="bbox 211 1149 1506 1195; baseline 0 -9"><span class='ocrx_word' id='word_1_94' title='bbox 211 1149 415 1186; x_wconf 81' lang='lat' dir='ltr'>fabularum</span> <span class='ocrx_word' id='word_1_95' title='bbox 428 1150 761 1187; x_wconf 87' lang='lat' dir='ltr'>contrahendarum</span> <span class='ocrx_word' id='word_1_96' title='bbox 773 1150 954 1195; x_wconf 85' lang='lat' dir='ltr'>cupidine.</span> <span class='ocrx_word' id='word_1_97' title='bbox 970 1149 1047 1194; x_wconf 83' lang='lat' dir='ltr'>Quo</span> <span class='ocrx_word' id='word_1_98' title='bbox 1060 1149 1167 1186; x_wconf 90' lang='lat' dir='ltr'>modo</span> <span class='ocrx_word' id='word_1_99' title='bbox 1179 1149 1351 1186; x_wconf 89' lang='lat' dir='ltr'>videmus</span> <span class='ocrx_word' id='word_1_100' title='bbox 1364 1149 1506 1186; x_wconf 85' lang='lat' dir='ltr'>fabulas</span> 
     </span>
     <span class='ocr_line' id='line_1_14' title="bbox 210 1218 1505 1264; baseline 0.001 -10"><span class='ocrx_word' id='word_1_101' title='bbox 210 1219 256 1255; x_wconf 88' lang='lat' dir='ltr'>de</span> <span class='ocrx_word' id='word_1_102' title='bbox 280 1219 407 1255; x_wconf 83' lang='lat' dir='ltr'>Medea</span> <span class='ocrx_word' id='word_1_103' title='bbox 432 1221 471 1255; x_wconf 89' lang='lat' dir='ltr'>et</span> <span class='ocrx_word' id='word_1_104' title='bbox 494 1219 683 1264; x_wconf 87' lang='lat' dir='ltr'>Iphigenia</span> <span class='ocrx_word' id='word_1_105' title='bbox 707 1219 798 1255; x_wconf 88' lang='lat' dir='ltr'>adeo</span> <span class='ocrx_word' id='word_1_106' title='bbox 819 1229 842 1255; x_wconf 92' lang='lat' dir='ltr'>a</span> <span class='ocrx_word' id='word_1_107' title='bbox 863 1219 1143 1264; x_wconf 85' lang='lat' dir='ltr'>mythographis</span> <span class='ocrx_word' id='word_1_108' title='bbox 1169 1218 1410 1255; x_wconf 87' lang='lat' dir='ltr'>intermixtas</span> <span class='ocrx_word' id='word_1_109' title='bbox 1422 1228 1505 1255; x_wconf 89' lang='lat' dir='ltr'>esse</span> 
     </span>
     <span class='ocr_line' id='line_1_15' title="bbox 210 1285 1500 1330; baseline 0 -8"><span class='ocrx_word' id='word_1_110' title='bbox 210 1288 254 1322; x_wconf 90' lang='lat' dir='ltr'>ut</span> <span class='ocrx_word' id='word_1_111' title='bbox 277 1286 494 1322; x_wconf 85' lang='lat' dir='ltr'>crediderint</span> <span class='ocrx_word' id='word_1_112' title='bbox 519 1286 697 1323; x_wconf 90' lang='lat' dir='ltr'>Diodorus</span> <span class='ocrx_word' id='word_1_113' title='bbox 721 1289 762 1322; x_wconf 89' lang='lat' dir='ltr'>et</span> <span class='ocrx_word' id='word_1_114' title='bbox 786 1286 1007 1323; x_wconf 84' lang='lat' dir='ltr'>Dracontius</span> <span class='ocrx_word' id='word_1_115' title='bbox 1033 1285 1201 1321; x_wconf 82' lang='lat' dir='ltr'>Medeam</span> <span class='ocrx_word' id='word_1_116' title='bbox 1221 1287 1259 1321; x_wconf 93' lang='lat' dir='ltr'>et</span> <span class='ocrx_word' id='word_1_117' title='bbox 1273 1285 1500 1330; x_wconf 85' lang='lat' dir='ltr'>Iphigeniam</span> 
     </span>
     <span class='ocr_line' id='line_1_16' title="bbox 210 1353 1506 1399; baseline 0 -9"><span class='ocrx_word' id='word_1_118' title='bbox 210 1354 365 1390; x_wconf 91' lang='lat' dir='ltr'>eandem</span> <span class='ocrx_word' id='word_1_119' title='bbox 385 1353 577 1390; x_wconf 90' lang='lat' dir='ltr'>mulierem</span> <span class='ocrx_word' id='word_1_120' title='bbox 601 1354 734 1399; x_wconf 85' lang='lat' dir='ltr'>fuisse,</span> <span class='ocrx_word' id='word_1_121' title='bbox 761 1363 855 1399; x_wconf 89' lang='lat' dir='ltr'>quae</span> <span class='ocrx_word' id='word_1_122' title='bbox 868 1353 1008 1390; x_wconf 91' lang='lat' dir='ltr'>Dianae</span> <span class='ocrx_word' id='word_1_123' title='bbox 1020 1353 1196 1389; x_wconf 81' lang='lat' dir='ltr'>Tauricae</span> <span class='ocrx_word' id='word_1_124' title='bbox 1205 1353 1351 1390; x_wconf 86' lang='lat' dir='ltr'>cultum</span> <span class='ocrx_word' id='word_1_125' title='bbox 1363 1354 1506 1390; x_wconf 80' lang='lat' dir='ltr'>Thebas</span> 
     </span>
     <span class='ocr_line' id='line_1_17' title="bbox 212 1421 1507 1459; baseline 0.002 -2"><span class='ocrx_word' id='word_1_126' title='bbox 212 1422 291 1458; x_wconf 91' lang='lat' dir='ltr'>sive</span> <span class='ocrx_word' id='word_1_127' title='bbox 304 1421 442 1458; x_wconf 90' lang='lat' dir='ltr'>Iolcum</span> <span class='ocrx_word' id='word_1_128' title='bbox 454 1422 697 1459; x_wconf 82' lang='lat' dir='ltr'>transtulerit.</span> <span class='ocrx_word' id='word_1_129' title='bbox 707 1422 779 1459; x_wconf 83' lang='lat' dir='ltr'>Sed</span> <span class='ocrx_word' id='word_1_130' title='bbox 792 1422 935 1458; x_wconf 89' lang='lat' dir='ltr'>nullum</span> <span class='ocrx_word' id='word_1_131' title='bbox 944 1422 1065 1458; x_wconf 90' lang='lat' dir='ltr'>locum</span> <span class='ocrx_word' id='word_1_132' title='bbox 1075 1422 1288 1458; x_wconf 86' lang='lat' dir='ltr'>invenimus</span> <span class='ocrx_word' id='word_1_133' title='bbox 1297 1423 1360 1458; x_wconf 91' lang='lat' dir='ltr'>ubi</span> <span class='ocrx_word' id='word_1_134' title='bbox 1369 1422 1507 1459; x_wconf 83' lang='lat' dir='ltr'>Dianae</span> 
     </span>
     <span class='ocr_line' id='line_1_18' title="bbox 211 1489 1506 1527; baseline 0.001 -1"><span class='ocrx_word' id='word_1_135' title='bbox 211 1492 251 1527; x_wconf 89' lang='lat' dir='ltr'>et</span> <span class='ocrx_word' id='word_1_136' title='bbox 281 1489 431 1527; x_wconf 89' lang='lat' dir='ltr'>Iunonis</span> <span class='ocrx_word' id='word_1_137' title='bbox 462 1490 584 1527; x_wconf 90' lang='lat' dir='ltr'>cultus</span> <span class='ocrx_word' id='word_1_138' title='bbox 608 1491 662 1527; x_wconf 90' lang='lat' dir='ltr'>ita</span> <span class='ocrx_word' id='word_1_139' title='bbox 686 1490 823 1527; x_wconf 90' lang='lat' dir='ltr'>fuerint</span> <span class='ocrx_word' id='word_1_140' title='bbox 844 1490 1030 1527; x_wconf 88' lang='lat' dir='ltr'>coniuncti</span> <span class='ocrx_word' id='word_1_141' title='bbox 1049 1493 1094 1527; x_wconf 89' lang='lat' dir='ltr'>ut</span> <span class='ocrx_word' id='word_1_142' title='bbox 1111 1491 1262 1527; x_wconf 86' lang='lat' dir='ltr'>Iunonis</span> <span class='ocrx_word' id='word_1_143' title='bbox 1278 1491 1506 1527; x_wconf 88' lang='lat' dir='ltr'>sacerdotem</span> 
     </span>
     <span class='ocr_line' id='line_1_19' title="bbox 212 1558 1507 1603; baseline 0.001 -9"><span class='ocrx_word' id='word_1_144' title='bbox 212 1559 322 1594; x_wconf 90' lang='lat' dir='ltr'>simul</span> <span class='ocrx_word' id='word_1_145' title='bbox 354 1558 492 1595; x_wconf 90' lang='lat' dir='ltr'>Dianae</span> <span class='ocrx_word' id='word_1_146' title='bbox 520 1559 692 1595; x_wconf 84' lang='lat' dir='ltr'>Tauricae</span> <span class='ocrx_word' id='word_1_147' title='bbox 717 1559 904 1595; x_wconf 89' lang='lat' dir='ltr'>sacrificiis</span> <span class='ocrx_word' id='word_1_148' title='bbox 928 1559 1161 1603; x_wconf 84' lang='lat' dir='ltr'>perfunctam</span> <span class='ocrx_word' id='word_1_149' title='bbox 1187 1569 1270 1595; x_wconf 89' lang='lat' dir='ltr'>esse</span> <span class='ocrx_word' id='word_1_150' title='bbox 1294 1559 1507 1595; x_wconf 87' lang='lat' dir='ltr'>videremus</span> 
     </span>
     <span class='ocr_line' id='line_1_20' title="bbox 211 1626 1506 1673; baseline 0.001 -10"><span class='ocrx_word' id='word_1_151' title='bbox 211 1626 382 1672; x_wconf 86' lang='lat' dir='ltr'>(Stender</span> <span class='ocrx_word' id='word_1_152' title='bbox 418 1627 488 1669; x_wconf 86' lang='lat'>33).</span> <span class='ocrx_word' id='word_1_153' title='bbox 526 1627 602 1663; x_wconf 90' lang='lat' dir='ltr'>Nec</span> <span class='ocrx_word' id='word_1_154' title='bbox 638 1627 676 1663; x_wconf 90' lang='lat' dir='ltr'>in</span> <span class='ocrx_word' id='word_1_155' title='bbox 713 1626 899 1663; x_wconf 90' lang='lat' dir='ltr'>Thessalia</span> <span class='ocrx_word' id='word_1_156' title='bbox 937 1635 1057 1671; x_wconf 90' lang='lat' dir='ltr'>neque</span> <span class='ocrx_word' id='word_1_157' title='bbox 1095 1626 1230 1663; x_wconf 88' lang='lat' dir='ltr'>Thebis</span> <span class='ocrx_word' id='word_1_158' title='bbox 1267 1627 1506 1673; x_wconf 89' lang='lat' dir='ltr'>cognovimus</span> 
     </span>
     <span class='ocr_line' id='line_1_21' title="bbox 210 1693 1506 1738; baseline 0.001 -9"><span class='ocrx_word' id='word_1_159' title='bbox 210 1693 368 1730; x_wconf 89' lang='lat' dir='ltr'>Dianam</span> <span class='ocrx_word' id='word_1_160' title='bbox 393 1695 532 1730; x_wconf 89' lang='lat' dir='ltr'>cultam</span> <span class='ocrx_word' id='word_1_161' title='bbox 556 1704 637 1730; x_wconf 89' lang='lat' dir='ltr'>esse</span> <span class='ocrx_word' id='word_1_162' title='bbox 661 1694 734 1730; x_wconf 91' lang='lat' dir='ltr'>nisi</span> <span class='ocrx_word' id='word_1_163' title='bbox 758 1694 797 1729; x_wconf 93' lang='lat' dir='ltr'>in</span> <span class='ocrx_word' id='word_1_164' title='bbox 823 1694 995 1730; x_wconf 81' lang='lat' dir='ltr'>Boeotiae</span> <span class='ocrx_word' id='word_1_165' title='bbox 1021 1694 1141 1738; x_wconf 88' lang='lat' dir='ltr'>capite</span> <span class='ocrx_word' id='word_1_166' title='bbox 1162 1693 1321 1730; x_wconf 89' lang='lat' dir='ltr'>Dianam</span> <span class='ocrx_word' id='word_1_167' title='bbox 1340 1695 1506 1730; x_wconf 88' lang='lat' dir='ltr'>Eucliam</span> 
     </span>
     <span class='ocr_line' id='line_1_22' title="bbox 212 1761 1503 1808; baseline 0.001 -10"><span class='ocrx_word' id='word_1_168' title='bbox 212 1762 290 1808; x_wconf 90' lang='lat' dir='ltr'>(sed</span> <span class='ocrx_word' id='word_1_169' title='bbox 314 1771 388 1799; x_wconf 92' lang='lat' dir='ltr'>non</span> <span class='ocrx_word' id='word_1_170' title='bbox 412 1761 618 1807; x_wconf 89' lang='lat' dir='ltr'>Tauricam)</span> <span class='ocrx_word' id='word_1_171' title='bbox 644 1762 687 1798; x_wconf 88' lang='lat' dir='ltr'>cf.</span> <span class='ocrx_word' id='word_1_172' title='bbox 712 1762 820 1798; x_wconf 89' lang='lat' dir='ltr'>Paus.</span> <span class='ocrx_word' id='word_1_173' title='bbox 834 1762 912 1798; x_wconf 89' lang='lat' dir='ltr'>IX:</span> <span class='ocrx_word' id='word_1_174' title='bbox 929 1763 973 1798; x_wconf 87' lang='grc'>17</span> <span class='ocrx_word' id='word_1_175' title='bbox 991 1772 999 1798; x_wconf 92' lang='lat'>:</span> <span class='ocrx_word' id='word_1_176' title='bbox 1017 1763 1035 1798; x_wconf 92' lang='lat'>1</span> <span class='ocrx_word' id='word_1_177' title='bbox 1052 1763 1091 1798; x_wconf 89' lang='lat' dir='ltr'>et</span> <span class='ocrx_word' id='word_1_178' title='bbox 1104 1762 1200 1798; x_wconf 89' lang='lat' dir='ltr'>Plut.</span> <span class='ocrx_word' id='word_1_179' title='bbox 1214 1762 1253 1798; x_wconf 90' lang='lat' dir='ltr'>in</span> <span class='ocrx_word' id='word_1_180' title='bbox 1266 1762 1385 1799; x_wconf 90' lang='lat' dir='ltr'>Arist.</span> <span class='ocrx_word' id='word_1_181' title='bbox 1401 1773 1432 1799; x_wconf 91' lang='lat' dir='ltr'>c.</span> <span class='ocrx_word' id='word_1_182' title='bbox 1445 1763 1503 1800; x_wconf 83' lang='lat'>20.</span> 
     </span>
     <span class='ocr_line' id='line_1_23' title="bbox 211 1830 1505 1877; baseline 0.001 -11"><span class='ocrx_word' id='word_1_183' title='bbox 211 1830 367 1866; x_wconf 87' lang='lat' dir='ltr'>Stender</span> <span class='ocrx_word' id='word_1_184' title='bbox 415 1832 510 1876; x_wconf 88' lang='lat' dir='ltr'>(pag.</span> <span class='ocrx_word' id='word_1_185' title='bbox 562 1831 623 1877; x_wconf 87' lang='lat'>34)</span> <span class='ocrx_word' id='word_1_186' title='bbox 669 1834 767 1867; x_wconf 90' lang='lat' dir='ltr'>recte</span> <span class='ocrx_word' id='word_1_187' title='bbox 814 1831 1082 1866; x_wconf 88' lang='lat' dir='ltr'>demonstravit</span> <span class='ocrx_word' id='word_1_188' title='bbox 1124 1831 1293 1867; x_wconf 86' lang='lat' dir='ltr'>Medeam</span> <span class='ocrx_word' id='word_1_189' title='bbox 1330 1832 1505 1867; x_wconf 88' lang='lat' dir='ltr'>Tauricae</span> 
     </span>
     <span class='ocr_line' id='line_1_24' title="bbox 210 1897 1504 1947; baseline 0.002 -13"><span class='ocrx_word' id='word_1_190' title='bbox 210 1897 349 1935; x_wconf 88' lang='lat' dir='ltr'>Dianae</span> <span class='ocrx_word' id='word_1_191' title='bbox 385 1900 613 1937; x_wconf 88' lang='lat' dir='ltr'>sacerdotem</span> <span class='ocrx_word' id='word_1_192' title='bbox 650 1899 889 1945; x_wconf 87' lang='lat' dir='ltr'>separandam</span> <span class='ocrx_word' id='word_1_193' title='bbox 909 1898 999 1947; x_wconf 47' lang='lat' dir='ltr'>Qesse</span> <span class='ocrx_word' id='word_1_194' title='bbox 1024 1908 1046 1934; x_wconf 92' lang='lat' dir='ltr'>a</span> <span class='ocrx_word' id='word_1_195' title='bbox 1070 1899 1192 1935; x_wconf 82' lang='lat' dir='ltr'>fabula</span> <span class='ocrx_word' id='word_1_196' title='bbox 1217 1899 1262 1935; x_wconf 90' lang='lat' dir='ltr'>de</span> <span class='ocrx_word' id='word_1_197' title='bbox 1286 1899 1434 1943; x_wconf 86' lang='lat' dir='ltr'>Iasone,</span> <span class='ocrx_word' id='word_1_198' title='bbox 1461 1902 1504 1936; x_wconf 85' lang='lat' dir='ltr'>ut</span> 
     </span>
     <span class='ocr_line' id='line_1_25' title="bbox 210 1967 1504 2014; baseline -0.001 -10"><span class='ocrx_word' id='word_1_199' title='bbox 210 1970 339 2012; x_wconf 88' lang='lat' dir='ltr'>postea</span> <span class='ocrx_word' id='word_1_200' title='bbox 374 1969 538 2005; x_wconf 87' lang='lat' dir='ltr'>additam</span> <span class='ocrx_word' id='word_1_201' title='bbox 575 1979 598 2005; x_wconf 90' lang='lat' dir='ltr'>a</span> <span class='ocrx_word' id='word_1_202' title='bbox 630 1968 926 2014; x_wconf 83' lang='lat' dir='ltr'>mythographis,</span> <span class='ocrx_word' id='word_1_203' title='bbox 960 1976 1077 2011; x_wconf 90' lang='lat' dir='ltr'>neque</span> <span class='ocrx_word' id='word_1_204' title='bbox 1101 1967 1268 2003; x_wconf 86' lang='lat' dir='ltr'>Medeam</span> <span class='ocrx_word' id='word_1_205' title='bbox 1292 1969 1504 2012; x_wconf 84' lang='lat' dir='ltr'>Scythicam</span> 
     </span>
     <span class='ocr_line' id='line_1_26' title="bbox 211 2035 1504 2082; baseline -0.001 -10"><span class='ocrx_word' id='word_1_206' title='bbox 211 2036 366 2073; x_wconf 90' lang='lat' dir='ltr'>eandem</span> <span class='ocrx_word' id='word_1_207' title='bbox 402 2046 485 2073; x_wconf 88' lang='lat' dir='ltr'>esse</span> <span class='ocrx_word' id='word_1_208' title='bbox 518 2046 631 2081; x_wconf 88' lang='lat' dir='ltr'>quam</span> <span class='ocrx_word' id='word_1_209' title='bbox 662 2036 888 2082; x_wconf 85' lang='lat' dir='ltr'>Iphigeniam</span> <span class='ocrx_word' id='word_1_210' title='bbox 922 2036 987 2072; x_wconf 89' lang='lat' dir='ltr'>sed</span> <span class='ocrx_word' id='word_1_211' title='bbox 1011 2035 1222 2080; x_wconf 84' lang='lat' dir='ltr'>Scythicam</span> <span class='ocrx_word' id='word_1_212' title='bbox 1248 2044 1312 2079; x_wconf 89' lang='lat' dir='ltr'>pro</span> <span class='ocrx_word' id='word_1_213' title='bbox 1336 2035 1504 2072; x_wconf 88' lang='lat' dir='ltr'>Colchide</span> 
     </span>
     <span class='ocr_line' id='line_1_27' title="bbox 210 2104 1503 2150; baseline 0 -11"><span class='ocrx_word' id='word_1_214' title='bbox 210 2105 370 2147; x_wconf 88' lang='lat' dir='ltr'>positam</span> <span class='ocrx_word' id='word_1_215' title='bbox 394 2114 495 2150; x_wconf 90' lang='lat' dir='ltr'>esse,</span> <span class='ocrx_word' id='word_1_216' title='bbox 517 2115 602 2141; x_wconf 89' lang='lat' dir='ltr'>cum</span> <span class='ocrx_word' id='word_1_217' title='bbox 623 2107 713 2141; x_wconf 90' lang='lat' dir='ltr'>haec</span> <span class='ocrx_word' id='word_1_218' title='bbox 724 2105 847 2141; x_wconf 84' lang='lat' dir='ltr'>fabula</span> <span class='ocrx_word' id='word_1_219' title='bbox 863 2106 901 2140; x_wconf 93' lang='lat' dir='ltr'>in</span> <span class='ocrx_word' id='word_1_220' title='bbox 914 2105 1059 2149; x_wconf 87' lang='lat' dir='ltr'>regione</span> <span class='ocrx_word' id='word_1_221' title='bbox 1072 2104 1293 2140; x_wconf 89' lang='lat' dir='ltr'>nominanda</span> <span class='ocrx_word' id='word_1_222' title='bbox 1305 2104 1503 2139; x_wconf 87' lang='lat' dir='ltr'>admodum</span> 
     </span>
     <span class='ocr_line' id='line_1_28' title="bbox 210 2170 1505 2217; baseline -0.001 -10"><span class='ocrx_word' id='word_1_223' title='bbox 210 2171 456 2208; x_wconf 89' lang='lat' dir='ltr'>fluctuaverit.</span> <span class='ocrx_word' id='word_1_224' title='bbox 478 2172 578 2217; x_wconf 84' lang='lat' dir='ltr'>Quae</span> <span class='ocrx_word' id='word_1_225' title='bbox 598 2173 721 2209; x_wconf 89' lang='lat' dir='ltr'>omnia</span> <span class='ocrx_word' id='word_1_226' title='bbox 745 2173 864 2209; x_wconf 80' lang='lat' dir='ltr'>fusius</span> <span class='ocrx_word' id='word_1_227' title='bbox 889 2171 1111 2217; x_wconf 89' lang='lat' dir='ltr'>pertractavi</span> <span class='ocrx_word' id='word_1_228' title='bbox 1136 2174 1179 2207; x_wconf 82' lang='lat' dir='ltr'>ut</span> <span class='ocrx_word' id='word_1_229' title='bbox 1205 2172 1244 2207; x_wconf 81' lang='lat' dir='ltr'>et</span> <span class='ocrx_word' id='word_1_230' title='bbox 1262 2170 1446 2216; x_wconf 87' lang='lat' dir='ltr'>proferam</span> <span class='ocrx_word' id='word_1_231' title='bbox 1458 2172 1505 2207; x_wconf 89' lang='lat' dir='ltr'>de</span> 
     </span>
     <span class='ocr_line' id='line_1_29' title="bbox 210 2239 1506 2285; baseline 0 -10"><span class='ocrx_word' id='word_1_232' title='bbox 210 2239 337 2275; x_wconf 89' lang='lat' dir='ltr'>Medea</span> <span class='ocrx_word' id='word_1_233' title='bbox 360 2241 400 2275; x_wconf 93' lang='lat' dir='ltr'>et</span> <span class='ocrx_word' id='word_1_234' title='bbox 423 2240 610 2285; x_wconf 87' lang='lat' dir='ltr'>Iphigenia</span> <span class='ocrx_word' id='word_1_235' title='bbox 634 2241 788 2277; x_wconf 89' lang='lat' dir='ltr'>Taurica</span> <span class='ocrx_word' id='word_1_236' title='bbox 808 2241 977 2276; x_wconf 86' lang='lat' dir='ltr'>Stenderi</span> <span class='ocrx_word' id='word_1_237' title='bbox 996 2240 1235 2284; x_wconf 89' lang='lat' dir='ltr'>gravissimas</span> <span class='ocrx_word' id='word_1_238' title='bbox 1254 2239 1506 2276; x_wconf 89' lang='lat' dir='ltr'>conclusiones</span> 
     </span>
     <span class='ocr_line' id='line_1_30' title="bbox 211 2307 1507 2353; baseline 0 -10"><span class='ocrx_word' id='word_1_239' title='bbox 211 2309 250 2344; x_wconf 83' lang='lat' dir='ltr'>et</span> <span class='ocrx_word' id='word_1_240' title='bbox 290 2316 460 2343; x_wconf 88' lang='lat' dir='ltr'>moneam</span> <span class='ocrx_word' id='word_1_241' title='bbox 504 2308 708 2353; x_wconf 89' lang='lat' dir='ltr'>simplicem</span> <span class='ocrx_word' id='word_1_242' title='bbox 743 2310 782 2344; x_wconf 93' lang='lat' dir='ltr'>et</span> <span class='ocrx_word' id='word_1_243' title='bbox 815 2311 1014 2345; x_wconf 88' lang='lat' dir='ltr'>venustam</span> <span class='ocrx_word' id='word_1_244' title='bbox 1057 2307 1229 2344; x_wconf 88' lang='lat' dir='ltr'>carminis</span> <span class='ocrx_word' id='word_1_245' title='bbox 1265 2307 1507 2352; x_wconf 90' lang='lat' dir='ltr'>componendi</span> 
     </span>
    </p>
   </div>
   <div class='ocr_carea' id='block_1_3' title="bbox 133 2371 1446 2421">
    <p class='ocr_par' dir='ltr' id='par_1_3' title="bbox 133 2371 1446 2421">
     <span class='ocr_line' id='line_1_31' title="bbox 133 2371 1446 2421; baseline 0 -9"><span class='ocrx_word' id='word_1_246' title='bbox 133 2371 141 2376; x_wconf 66' lang='lat'><em>&#39;</em></span> <span class='ocrx_word' id='word_1_247' title='bbox 210 2376 391 2412; x_wconf 89' lang='lat' dir='ltr'>rationem</span> <span class='ocrx_word' id='word_1_248' title='bbox 415 2375 619 2420; x_wconf 85' lang='lat' dir='ltr'>Apollonii,</span> <span class='ocrx_word' id='word_1_249' title='bbox 645 2385 668 2411; x_wconf 93' lang='lat' dir='ltr'>a</span> <span class='ocrx_word' id='word_1_250' title='bbox 692 2385 764 2419; x_wconf 91' lang='lat' dir='ltr'>quo</span> <span class='ocrx_word' id='word_1_251' title='bbox 789 2385 1017 2421; x_wconf 88' lang='lat' dir='ltr'>supervacua</span> <span class='ocrx_word' id='word_1_252' title='bbox 1043 2376 1206 2411; x_wconf 89' lang='lat' dir='ltr'>doctrina</span> <span class='ocrx_word' id='word_1_253' title='bbox 1231 2375 1351 2411; x_wconf 90' lang='lat' dir='ltr'>aliena</span> <span class='ocrx_word' id='word_1_254' title='bbox 1375 2378 1446 2412; x_wconf 90' lang='lat' dir='ltr'>est.</span> 
     </span>
    </p>
   </div>
  </div>
 </body>
</html>
