1874 2826
926 297 972 333 52

298 405 461 450 pollutae
474 405 736 449 rempublicam
749 413 858 440 suam
869 404 1024 440 minime
1037 405 1299 441 mutavissent.
1313 405 1446 442 Omnia
1459 407 1601 453 deinde,

301 483 395 519 quae
415 473 629 518 Apollonius
642 472 688 507 ad
700 471 958 508 illustrandam
970 470 1132 509 indolem
1145 473 1348 518 nuptarum
1361 475 1401 510 et
1414 475 1602 520 virginum

300 542 472 578 connubii
496 541 626 597 gaudio
651 541 816 576 maxime
843 541 1026 577 elatarum
1050 550 1120 577 suo
1142 541 1264 577 faceto
1285 542 1325 577 et
1344 541 1481 578 festivo
1494 544 1602 580 modo

300 611 483 653 narravit,
517 610 654 648 omisit.
694 609 875 647 Amorem
912 609 1055 646 Iasonis
1092 611 1131 647 et
1157 609 1388 656 Hypsipyles
1413 619 1436 647 a
1460 610 1602 648 Rhodio

301 681 356 716 ita
391 680 628 724 descriptum,
665 680 710 714 ut
745 688 819 714 non
857 680 1064 723 tempestas
1099 678 1164 713 sed
1188 679 1383 723 utriusque
1407 679 1603 716 arbitrium

300 747 470 784 connubii
495 746 641 783 vincula
666 745 909 782 obstrinxerit
933 754 1002 781 nec
1024 745 1132 781 Iason
1146 747 1285 791 (aperte
1298 745 1399 781 enim
1410 745 1602 791 professus

300 818 381 852 erat
418 825 459 852 se
497 825 571 852 non
605 815 668 851 diu
692 824 802 860 posse
827 823 978 850 manere
1003 823 1138 859 magna
1163 814 1312 859 incepta
1335 813 1600 862 perfecturum)

301 885 492 919 amantem
536 883 772 928 Hypsipylen
823 882 958 918 misere
996 870 1205 926 reliquerit,
1242 881 1352 925 plane
1386 882 1604 926 depravavit

300 951 473 987 Valerius
485 951 636 1001 Aeneae
649 953 690 987 et
700 950 854 986 Didonis
866 958 1032 986 amorem
1048 948 1084 995 1)
1096 950 1256 994 pessime
1268 949 1452 986 imitatus.
1470 949 1604 987 Totam

301 1020 398 1055 hanc
436 1029 578 1056 moram
615 1020 662 1055 ad
695 1019 997 1064 Argonautarum
1033 1018 1263 1063 propositum
1299 1027 1499 1064 eorumque
1531 1019 1604 1056 iter

303 1088 395 1124 nihil
419 1089 621 1134 pertinere,
648 1097 767 1133 neque
792 1087 994 1132 quidquam
1019 1087 1106 1123 novi
1131 1086 1260 1123 afferre
1283 1095 1403 1132 neque
1427 1096 1489 1123 res
1500 1087 1604 1124 intri-

302 1166 386 1192 care
424 1157 484 1192 vel
520 1157 566 1192 ad
602 1156 715 1191 finem
751 1155 949 1199 perducere
981 1155 1137 1191 libenter
1162 1155 1328 1191 concedo.
1353 1155 1478 1200 Longe
1504 1156 1605 1191 enim

303 1224 375 1260 alia
406 1233 465 1259 res
490 1225 548 1259 est
573 1223 786 1268 hospitium,
812 1222 908 1267 quod
935 1222 1087 1258 Aeneae
1110 1221 1203 1258 Dido
1227 1221 1463 1268 Carthaginis
1486 1231 1604 1268 nuper

300 1291 470 1328 conditae
507 1291 633 1336 regina
665 1291 854 1335 praebuit:
880 1290 984 1325 ducis
1008 1292 1048 1326 et
1071 1290 1220 1335 reginae
1243 1299 1369 1327 amore
1394 1290 1540 1327 Troiani
1564 1292 1605 1327 et

302 1361 402 1396 vires
438 1362 524 1405 post
556 1360 719 1396 hiemem
756 1369 779 1395 a
803 1359 943 1395 Iunone
968 1358 1171 1395 demissam
1194 1359 1344 1395 reficere
1368 1360 1539 1404 poterant
1564 1359 1605 1395 et

303 1428 440 1465 bellum
476 1429 656 1465 Punicum
681 1428 887 1474 praedicere
920 1427 1115 1472 Vergilius.
1140 1427 1213 1463 Sed
1236 1430 1317 1464 tam
1342 1429 1501 1464 venuste
1524 1437 1604 1464 rem

304 1506 413 1533 suam
439 1497 516 1542 egit
541 1497 776 1542 ApolloniuS‚
802 1498 846 1532 ut
872 1496 963 1531 haec
986 1494 1126 1531 Lemno
1149 1495 1188 1531 in
1207 1495 1329 1531 insula
1354 1505 1457 1532 mora
1477 1495 1604 1532 lectori

303 1565 543 1601 nihilominus
567 1565 849 1601 delectationem
873 1563 1015 1599 afferat.

355 1632 620 1667 Profectionem
673 1632 976 1676 Argonautarum
1017 1639 1104 1666 vere
1145 1633 1184 1666 et
1229 1631 1378 1675 pulchre
1436 1631 1605 1676 depinxit

305 1699 522 1745 Apollonius
547 1700 730 1736 Rhodius:
755 1700 825 1736 hoc
847 1699 1046 1741 admoneo,
1060 1699 1156 1744 quod
1168 1699 1269 1745 epico
1282 1709 1385 1736 more
1396 1700 1604 1737 rectissime

305 1768 455 1812 saepius
480 1767 554 1803 tale
579 1768 666 1812 quid
690 1768 909 1803 describitur
933 1769 973 1803 et
998 1767 1210 1811 gratissima
1234 1767 1431 1804 Homerica
1443 1769 1604 1805 imitatio

304 1836 399 1872 bene
437 1844 477 1871 se
514 1836 625 1871 habet
651 1838 690 1871 et
714 1836 810 1880 quod
835 1836 1009 1872 innatum
1034 1834 1193 1871 Graecae
1218 1836 1321 1880 genti
1349 1836 1516 1873 studium
1540 1847 1605 1873 na-

305 1903 456 1948 vigandi
492 1912 560 1939 nec
607 1904 833 1940 bibliothecis
869 1904 1132 1940 Alexandrinis
1169 1913 1238 1940 nec
1269 1905 1372 1949 poesi
1408 1905 1455 1941 ad
1491 1905 1605 1941 finem

304 1972 483 2017 vergente
518 1980 737 2007 evanescere
762 1972 928 2016 potuisse
953 1971 1135 2008 videmus,
1157 1971 1335 2017 Prospero
1348 1981 1459 2009 cursu
1471 1972 1604 2018 (Apoll.

309 2042 326 2076 1
352 2050 361 2075 ε
384 2039 595 2085 915-922)
621 2039 668 2075 ad
691 2040 848 2076 insulam
874 2040 1039 2093 Electrae
1063 2040 1270 2077 Atlantidis
1295 2041 1518 2085 adveniunt,
1542 2042 1605 2077 ubi

305 2108 438 2153 Orphei
476 2108 626 2144 consilio
663 2108 801 2143 initiati
839 2111 928 2144 sunt
960 2111 1005 2144 ut
1031 2109 1160 2145 securi»
1174 2110 1247 2145 iter
1270 2110 1499 2154 perficerent.
1524 2110 1605 2146 Hoc

305 2177 382 2212 loco
407 2186 479 2212 non
505 2185 660 2221 possum
685 2176 774 2220 quin
799 2176 1105 2218 animadvertam,
1131 2178 1270 2221 quanta
1293 2177 1541 2222 temperantia
1565 2179 1606 2214 et

307 2254 419 2287 quam
457 2254 547 2280 sano
584 2244 731 2288 ingenio
769 2252 879 2287 saepe
916 2253 1007 2279 usus
1040 2244 1090 2279 sit
1127 2243 1206 2285 ille,
1243 2245 1302 2280 cui
1334 2245 1604 2283 Alexandrinae

351 2380 384 2420 1)
408 2380 452 2412 Cf.
475 2381 552 2413 Aen.
575 2379 597 2411 4
621 2391 629 2412 ε
654 2378 842 2412 160-172.
