1874 2826
924 294 1002 336 <116

311 412 444 442 amore
468 407 545 442 iam
570 407 807 447 honoratum,
834 406 957 441 virum
981 406 1217 451 constantem
1236 408 1275 443 et
1287 405 1441 451 fortem,
1465 406 1619 452 dignum

318 474 446 511 divina
470 484 537 520 ope
561 474 808 518 cognovimus.
1116 476 1119 479 ⁴

369 542 507 579 Eodem
544 541 669 582 modo,
708 551 779 585 quo
813 542 943 578 multis
979 542 1017 578 in
1042 542 1175 578 fabulis
1200 542 1362 587 magicae
1387 551 1494 587 opes,
1521 544 1620 581 hero-

308 620 388 648 ·>um
412 610 562 657 gloriam
586 608 739 645 minime
763 608 996 656 diminuunt,
1021 609 1183 647 salutem
1207 620 1230 647 a
1252 609 1379 647 Medea
1391 608 1514 647 Iasoni
1526 611 1622 648 obla-

321 683 403 716 tam
431 678 647 723 Apollonius
672 686 717 713 ea
740 678 830 720 fide,
864 687 977 722 quam
1001 677 1136 714 habere
1160 679 1296 715 bonum
1320 680 1470 723 poetam
1494 678 1619 724 decet,

322 746 488 783 narravit
512 745 794 791 (1191—1225).
1172 748 1174 750 ’
1282 754 1286 762 ’
1390 744 1392 746 ’

372 813 553 850 Postridie
585 814 665 849 eius
694 813 768 849 diei
792 813 931 849 Aeetes
957 812 1052 849 Solis
1075 813 1193 859 filius,
1219 814 1333 850 a-r'mis
1358 811 1557 859 splendidis
1582 814 1622 850 et

322 884 473 921 invictis
521 885 673 919 ornatus
718 891 867 918 currum
912 881 1077 917 escendit
1121 883 1162 918 et
1207 892 1340 927 magna
1385 881 1622 919 multitudine

323 952 487 997 stipatus
510 950 665 986 festinat
689 947 748 995 (ut
774 948 970 993 Neptunus
995 947 1042 984 ad
1067 947 1372 985 ludes-*Isthmios
1396 948 1551 997 aliosve)
1576 950 1622 985 ad

325 1020 486 1056 laborem
511 1018 652 1054 Iasonis
676 1015 954 1061 inspiciendum.
1550 1004 1553 1006 ’

373 1087 496 1123 Uncto
520 1094 665 1131 corpore
689 1085 729 1120 et
753 1084 868 1119 armis
892 1083 959 1119 tali
983 1084 1245 1130 medicamine,
1285 1086 1330 1121 ut
1349 1085 1434 1121 Idas
1455 1088 1563 1122 atrox
1583 1085 1623 1121 et

325 1155 442 1201 impia
465 1156 591 1191 mente
615 1153 765 1190 deorum
790 1161 897 1197 opem
915 1151 1022 1188 -nihili
1042 1152 1181 1190 faciens
1193 1153 1333 1190 Iasonis
1345 1138 1496 1191 hastam
1507 1153 1624 1191 omni-

293 1255 295 1257 ,
325 1225 395 1259 bus
409 1224 549 1259 viribus
560 1223 726 1266 frangere
739 1230 812 1256 non
825 1212 959 1264 possit.'
971 1211 1036 1257 'At
1045 1221 1155 1257 Iason
1168 1231 1329 1271 pugnam
1342 1224 1478 1267 sperat.
1500 1205 1626 1258 Robur

324 1290 426 1327 enim
451 1299 544 1327 eum.
564 1289 677 1326 subiit
700 1287 928 1334 intrepidum
948 1289 989 1324 et
1012 1288 1194 1326 invictum
1218 1291 1258 1326 et
1276 1288 1464 1335 utrimque
1485 1289 1625 1326 validae

325 1368 461 1394 manus
486 1358 626 1394 viribus
650 1357 904 1392 induruerunt.
930 1356 980 1392 Et
1003 1357 1082 1392 ille:
1108 1351 1391 1403 (1259-1262‘).

450 1440 491 1480 ὥς
517 1437 597 1475 δ’δ’τ’
623 1438 731 1483 ἀρήϊος
758 1436 859 1478 ἵππος
884 1436 1078 1481 ἐελδόμενος
1102 1437 1258 1487 πολέμοιο

451 1506 614 1551 σκαρθμῷ
640 1505 876 1550 ἐπιχρεμέθων
900 1506 1004 1550 κρούει
1029 1506 1143 1546 πέδον,
1169 1508 1276 1552 αὐτὰρ
1297 1506 1439 1551 ὕπερθεν
1476 1516 1478 1518 “

451 1574 580 1610 κυδιόων
603 1573 742 1619 ὀρθοῖσιν
768 1574 822 1608 ἐπ’
847 1573 956 1608 οὔασιν
982 1573 1101 1618 αὐχέν’
1128 1574 1240 1620 ἀείρει·

328 1661 479 1695 hastam
514 1659 664 1694 vibrans
695 1659 768 1692 huc
801 1647 913 1701 atque
945 1657 1031 1709 illuc
1056 1663 1178 1699 morae
1202 1659 1403 1703 impatiens
1427 1657 1538 1702 pedes
1564 1667 1627 1693 su-

328 1730 461 1767 bnmes
485 1712 918 1774 111'0vet(1265-1267).

453 1808 559 1852 φαίης
583 1822 637 1843 κεν
662 1808 810 1852 ζοφεροῖο
835 1810 910 1843 κατ’
936 1808 1069 1853 αἰθέρος
1094 1808 1272 1843 ἀίσσουσαν

382 1908 384 1910 .
451 1876 626 1923 χειμερίην
644 1876 808 1921 ιστεροπὴν
833 1874 975 1919 θαμινὸν
1000 1874 1361 1920 μεταπαιφάσσεσθαι

453 1948 489 1981 ἐκ
515 1946 658 1990 νεφέων,
684 1944 732 1980 ὅτ’
759 1944 880 1979 ἔπειτα
905 1944 1116 1985 μελάντατον
1143 1943 1265 1987 ὄμβρον
1291 1944 1451 1989 ἄγωνται.

377 2039 523 2077 Nautae
560 2039 600 2075 in
638 2037 814 2075 sedilibus
852 2046 899 2073 ex
937 2036 1061 2073 ordine
1097 2036 1339 2073 considentes·
1367 2035 1553 2073 celerrime
1590 2035 1629 2072 in

316 2095 503 2153 ‘campum
535 2107 645 2143 Marti
679 2108 868 2142 sacratum
894 2105 1088 2149 remigant.
1124 2104 1179 2140 Ob
1203 2105 1512 2149 comparationem
1536 2105 1629 2140 bene

331 2177 562 2213 exstructam
600 2177 639 2211 et
673 2183 826 2211 coronae
852 2173 991 2209 civium
1017 2172 1164 2218 scopulo
1188 2172 1444 2210 insistentium
1468 2175 1507 2210 et
1531 2166 1644 2219 regis'

331 2245 377 2279 ad
413 2245 533 2287 ripam
565 2243 670 2278 fluvii
703 2243 865 2277 laborem
890 2241 1032 2276 Iasonis
1058 2241 1301 2285 inspicientis
1313 2241 1565 2285 gratissimam
1589 2242 1630 2276 et

332 2309 544 2348 accuratam
568 2310 870 2354 descriptionem,
906 2317 978 2352 quo
1002 2307 1163 2344 locorum
1187 2309 1360 2345 naturam
1384 2310 1425 2345 et
1449 2308 1630 2354 spectato-

334 2390 417 2416 rum
441 2381 585 2416 statum
610 2378 804 2422 descripsit
829 2376 1065 2422 ApolloniuS,
1091 2376 1211 2412 citabo
1238 2376 1486 2413 1271-1277.
