<?xml version="1.0" encoding="UTF-8"?>
<!DOCTYPE html PUBLIC "-//W3C//DTD XHTML 1.0 Transitional//EN"
    "http://www.w3.org/TR/xhtml1/DTD/xhtml1-transitional.dtd">
<html xmlns="http://www.w3.org/1999/xhtml" xml:lang="en" lang="en">
 <head>
  <title>
</title>
<meta http-equiv="Content-Type" content="text/html;charset=utf-8" />
  <meta name='ocr-system' content='tesseract 3.04.00' />
  <meta name='ocr-capabilities' content='ocr_page ocr_carea ocr_par ocr_line ocrx_word'/>
</head>
<body>
  <div class='ocr_page' id='page_1' title='image "4737390_0039.png"; bbox 0 0 1874 2826; ppageno 0'>
   <div class='ocr_carea' id='block_1_1' title="bbox 852 276 899 312">
    <p class='ocr_par' dir='ltr' id='par_1_1' title="bbox 852 276 899 312">
     <span class='ocr_line' id='line_1_1' title="bbox 852 276 899 312; baseline 0 0"><span class='ocrx_word' id='word_1_1' title='bbox 852 276 899 312; x_wconf 86' lang='lat'><strong>25</strong></span> 
     </span>
    </p>
   </div>
   <div class='ocr_carea' id='block_1_2' title="bbox 225 379 1525 903">
    <p class='ocr_par' dir='ltr' id='par_1_2' title="bbox 225 379 1525 770">
     <span class='ocr_line' id='line_1_2' title="bbox 227 379 1524 429; baseline -0.002 -12"><span class='ocrx_word' id='word_1_2' title='bbox 227 383 392 427; x_wconf 87' lang='lat' dir='ltr'><strong>tempore</strong></span> <span class='ocrx_word' id='word_1_3' title='bbox 405 383 621 420; x_wconf 80' lang='lat' dir='ltr'>memoriam</span> <span class='ocrx_word' id='word_1_4' title='bbox 633 385 798 429; x_wconf 86' lang='lat' dir='ltr'><strong>repetere</strong></span> <span class='ocrx_word' id='word_1_5' title='bbox 814 383 1006 429; x_wconf 84' lang='lat' dir='ltr'><strong>poterant,</strong></span> <span class='ocrx_word' id='word_1_6' title='bbox 1027 380 1145 418; x_wconf 86' lang='lat' dir='ltr'><strong>maria</strong></span> <span class='ocrx_word' id='word_1_7' title='bbox 1164 379 1444 425; x_wconf 81' lang='lat' dir='ltr'><strong>navigaverant.</strong></span> <span class='ocrx_word' id='word_1_8' title='bbox 1469 379 1524 415; x_wconf 90' lang='lat' dir='ltr'><strong>Ut</strong></span> 
     </span>
     <span class='ocr_line' id='line_1_3' title="bbox 228 447 1524 497; baseline -0.002 -11"><span class='ocrx_word' id='word_1_9' title='bbox 228 458 342 486; x_wconf 83' lang='lat' dir='ltr'><strong>senex</strong></span> <span class='ocrx_word' id='word_1_10' title='bbox 354 451 531 496; x_wconf 90' lang='lat' dir='ltr'><strong>temporis</strong></span> <span class='ocrx_word' id='word_1_11' title='bbox 541 451 617 488; x_wconf 80' lang='lat' dir='ltr'><strong>iam</strong></span> <span class='ocrx_word' id='word_1_12' title='bbox 629 451 693 488; x_wconf 86' lang='lat' dir='ltr'><strong>diu</strong></span> <span class='ocrx_word' id='word_1_13' title='bbox 703 450 904 497; x_wconf 80' lang='lat' dir='ltr'><strong>praeteriti,</strong></span> <span class='ocrx_word' id='word_1_14' title='bbox 914 459 987 496; x_wconf 91' lang='lat' dir='ltr'><strong>quo</strong></span> <span class='ocrx_word' id='word_1_15' title='bbox 998 449 1189 487; x_wconf 76' lang='lat' dir='ltr'><strong>haesitans</strong></span> <span class='ocrx_word' id='word_1_16' title='bbox 1195 449 1237 485; x_wconf 92' lang='lat' dir='ltr'><strong>et</strong></span> <span class='ocrx_word' id='word_1_17' title='bbox 1244 447 1376 494; x_wconf 90' lang='lat' dir='ltr'><strong>primis</strong></span> <span class='ocrx_word' id='word_1_18' title='bbox 1383 447 1524 483; x_wconf 88' lang='lat' dir='ltr'><strong>incerto</strong></span> 
     </span>
     <span class='ocr_line' id='line_1_4' title="bbox 229 516 1523 569; baseline -0.002 -15"><span class='ocrx_word' id='word_1_19' title='bbox 229 517 322 563; x_wconf 87' lang='lat' dir='ltr'><strong>pede</strong></span> <span class='ocrx_word' id='word_1_20' title='bbox 345 519 531 564; x_wconf 85' lang='lat' dir='ltr'>gressibus</span> <span class='ocrx_word' id='word_1_21' title='bbox 543 520 672 557; x_wconf 83' lang='lat' dir='ltr'><strong>labans</strong></span> <span class='ocrx_word' id='word_1_22' title='bbox 683 520 737 556; x_wconf 86' lang='lat' dir='ltr'><strong>ire</strong></span> <span class='ocrx_word' id='word_1_23' title='bbox 748 522 906 557; x_wconf 83' lang='lat' dir='ltr'><strong>conatus</strong></span> <span class='ocrx_word' id='word_1_24' title='bbox 918 521 978 556; x_wconf 89' lang='lat' dir='ltr'><strong>est</strong></span> <span class='ocrx_word' id='word_1_25' title='bbox 983 518 1145 569; x_wconf 39' lang='lat' dir='ltr'><strong>,nutricis</strong></span> <span class='ocrx_word' id='word_1_26' title='bbox 1156 526 1272 554; x_wconf 80' lang='lat' dir='ltr'><strong>manu</strong></span> <span class='ocrx_word' id='word_1_27' title='bbox 1285 516 1504 553; x_wconf 84' lang='lat' dir='ltr'><strong>sublevatus</strong></span> <span class='ocrx_word' id='word_1_28' title='bbox 1513 543 1523 561; x_wconf 91' lang='lat'>,</span> 
     </span>
     <span class='ocr_line' id='line_1_5' title="bbox 226 585 1523 634; baseline -0.002 -12"><span class='ocrx_word' id='word_1_29' title='bbox 226 595 300 623; x_wconf 89' lang='lat' dir='ltr'><strong>non</strong></span> <span class='ocrx_word' id='word_1_30' title='bbox 312 586 388 624; x_wconf 81' lang='lat' dir='ltr'><strong>iam</strong></span> <span class='ocrx_word' id='word_1_31' title='bbox 401 588 614 625; x_wconf 78' lang='lat' dir='ltr'><strong>meminisse</strong></span> <span class='ocrx_word' id='word_1_32' title='bbox 626 589 731 625; x_wconf 87' lang='lat' dir='ltr'><strong>curat</strong></span> <span class='ocrx_word' id='word_1_33' title='bbox 742 597 861 633; x_wconf 88' lang='lat' dir='ltr'><strong>neque</strong></span> <span class='ocrx_word' id='word_1_34' title='bbox 872 589 1009 634; x_wconf 85' lang='lat' dir='ltr'><strong>potest,</strong></span> <span class='ocrx_word' id='word_1_35' title='bbox 1022 587 1076 624; x_wconf 87' lang='lat' dir='ltr'><strong>sic</strong></span> <span class='ocrx_word' id='word_1_36' title='bbox 1088 586 1240 623; x_wconf 84' lang='lat' dir='ltr'><strong>Graecis</strong></span> <span class='ocrx_word' id='word_1_37' title='bbox 1251 595 1275 622; x_wconf 91' lang='lat' dir='ltr'><strong>a</strong></span> <span class='ocrx_word' id='word_1_38' title='bbox 1286 585 1421 631; x_wconf 83' lang='lat' dir='ltr'><strong>primis</strong></span> <span class='ocrx_word' id='word_1_39' title='bbox 1430 586 1523 621; x_wconf 87' lang='lat' dir='ltr'><strong>tem-</strong></span> 
     </span>
     <span class='ocr_line' id='line_1_6' title="bbox 225 653 1525 701; baseline -0.004 -8"><span class='ocrx_word' id='word_1_40' title='bbox 225 655 373 700; x_wconf 84' lang='lat' dir='ltr'>poribus</span> <span class='ocrx_word' id='word_1_41' title='bbox 396 657 554 693; x_wconf 88' lang='lat' dir='ltr'><strong>navibus</strong></span> <span class='ocrx_word' id='word_1_42' title='bbox 577 656 663 692; x_wconf 88' lang='lat' dir='ltr'><strong>vehi</strong></span> <span class='ocrx_word' id='word_1_43' title='bbox 688 656 806 695; x_wconf 88' lang='lat' dir='ltr'><strong>solitis</strong></span> <span class='ocrx_word' id='word_1_44' title='bbox 821 657 973 693; x_wconf 24' lang='lat' dir='ltr'><strong>*labores</strong></span> <span class='ocrx_word' id='word_1_45' title='bbox 992 657 1033 692; x_wconf 92' lang='lat' dir='ltr'><strong>et</strong></span> <span class='ocrx_word' id='word_1_46' title='bbox 1044 656 1209 701; x_wconf 63' lang='lat' dir='ltr'><strong>timores»,</strong></span> <span class='ocrx_word' id='word_1_47' title='bbox 1222 663 1316 699; x_wconf 91' lang='lat' dir='ltr'><strong>quos</strong></span> <span class='ocrx_word' id='word_1_48' title='bbox 1326 653 1446 699; x_wconf 87' lang='lat' dir='ltr'><strong>primo</strong></span> <span class='ocrx_word' id='word_1_49' title='bbox 1458 660 1525 698; x_wconf 88' lang='lat' dir='ltr'><strong>per</strong></span> 
     </span>
     <span class='ocr_line' id='line_1_7' title="bbox 225 723 1522 770; baseline -0.002 -10"><span class='ocrx_word' id='word_1_50' title='bbox 225 732 326 760; x_wconf 79' lang='lat' dir='ltr'><strong>mare</strong></span> <span class='ocrx_word' id='word_1_51' title='bbox 350 725 484 761; x_wconf 85' lang='lat' dir='ltr'><strong>itinere</strong></span> <span class='ocrx_word' id='word_1_52' title='bbox 509 724 672 769; x_wconf 84' lang='lat' dir='ltr'><strong>perpessi</strong></span> <span class='ocrx_word' id='word_1_53' title='bbox 696 726 820 770; x_wconf 85' lang='lat' dir='ltr'><strong>erant,</strong></span> <span class='ocrx_word' id='word_1_54' title='bbox 846 725 1027 761; x_wconf 89' lang='lat' dir='ltr'><strong>oblivione</strong></span> <span class='ocrx_word' id='word_1_55' title='bbox 1047 733 1069 760; x_wconf 92' lang='lat' dir='ltr'><strong>e</strong></span> <span class='ocrx_word' id='word_1_56' title='bbox 1082 724 1260 760; x_wconf 90' lang='lat' dir='ltr'><strong>memoria</strong></span> <span class='ocrx_word' id='word_1_57' title='bbox 1271 723 1522 759; x_wconf 81' lang='lat' dir='ltr'><strong>excesserant.</strong></span> 
     </span>
    </p>

    <p class='ocr_par' dir='ltr' id='par_1_3' title="bbox 225 790 1523 903">
     <span class='ocr_line' id='line_1_8' title="bbox 274 790 1523 836; baseline -0.002 -9"><span class='ocrx_word' id='word_1_58' title='bbox 274 790 448 827; x_wconf 88' lang='lat' dir='ltr'><strong>Plurimis</strong></span> <span class='ocrx_word' id='word_1_59' title='bbox 484 793 612 827; x_wconf 81' lang='lat' dir='ltr'><strong>autem</strong></span> <span class='ocrx_word' id='word_1_60' title='bbox 644 791 736 827; x_wconf 85' lang='lat' dir='ltr'><strong>&#39;locis</strong></span> <span class='ocrx_word' id='word_1_61' title='bbox 769 790 942 827; x_wconf 86' lang='lat' dir='ltr'><strong>Valerius</strong></span> <span class='ocrx_word' id='word_1_62' title='bbox 973 800 1107 835; x_wconf 84' lang='lat' dir='ltr'><strong>magna</strong></span> <span class='ocrx_word' id='word_1_63' title='bbox 1131 791 1171 827; x_wconf 89' lang='lat' dir='ltr'><strong>vi</strong></span> <span class='ocrx_word' id='word_1_64' title='bbox 1195 792 1235 826; x_wconf 90' lang='lat' dir='ltr'><strong>et</strong></span> <span class='ocrx_word' id='word_1_65' title='bbox 1257 790 1523 836; x_wconf 76' lang='lat' dir='ltr'><strong>perspicuitate</strong></span> 
     </span>
     <span class='ocr_line' id='line_1_9' title="bbox 225 858 1227 903; baseline 0.001 -9"><span class='ocrx_word' id='word_1_66' title='bbox 225 861 352 895; x_wconf 90' lang='lat' dir='ltr'><strong>monet</strong></span> <span class='ocrx_word' id='word_1_67' title='bbox 374 859 476 903; x_wconf 87' lang='lat' dir='ltr'><strong>Argo</strong></span> <span class='ocrx_word' id='word_1_68' title='bbox 500 858 614 894; x_wconf 79' lang='lat' dir='ltr'><strong>fuisse</strong></span> <span class='ocrx_word' id='word_1_69' title='bbox 639 859 797 903; x_wconf 79' lang='lat' dir='ltr'><strong>primam</strong></span> <span class='ocrx_word' id='word_1_70' title='bbox 822 867 958 895; x_wconf 86' lang='lat' dir='ltr'><strong>navem</strong></span> <span class='ocrx_word' id='word_1_71' title='bbox 988 858 1227 895; x_wconf 77' lang='lat' dir='ltr'><strong>maritimam.</strong></span> 
     </span>
    </p>
   </div>
   <div class='ocr_carea' id='block_1_3' title="bbox 301 927 332 961">
    <p class='ocr_par' dir='ltr' id='par_1_4' title="bbox 301 927 332 961">
     <span class='ocr_line' id='line_1_10' title="bbox 301 927 332 961; baseline 0 0"><span class='ocrx_word' id='word_1_72' title='bbox 301 927 332 961; x_wconf 90' lang='lat'><strong>1.</strong></span> 
     </span>
    </p>
   </div>
   <div class='ocr_carea' id='block_1_4' title="bbox 276 1062 333 1096">
    <p class='ocr_par' dir='ltr' id='par_1_5' title="bbox 276 1062 333 1096">
     <span class='ocr_line' id='line_1_11' title="bbox 276 1062 333 1096; baseline 0 0"><span class='ocrx_word' id='word_1_73' title='bbox 276 1062 333 1096; x_wconf 81' lang='lat'><strong>75.</strong></span> 
     </span>
    </p>
   </div>
   <div class='ocr_carea' id='block_1_5' title="bbox 253 1264 332 1301">
    <p class='ocr_par' dir='ltr' id='par_1_6' title="bbox 253 1264 332 1301">
     <span class='ocr_line' id='line_1_12' title="bbox 253 1264 332 1301; baseline 0.013 -1"><span class='ocrx_word' id='word_1_74' title='bbox 253 1264 332 1301; x_wconf 84' lang='lat'>151.</span> 
     </span>
    </p>
   </div>
   <div class='ocr_carea' id='block_1_6' title="bbox 251 1534 332 1641">
    <p class='ocr_par' dir='ltr' id='par_1_7' title="bbox 251 1534 332 1641">
     <span class='ocr_line' id='line_1_13' title="bbox 251 1534 332 1571; baseline 0.012 -1"><span class='ocrx_word' id='word_1_75' title='bbox 251 1534 332 1571; x_wconf 84' lang='lat'>169.</span> 
     </span>
     <span class='ocr_line' id='line_1_14' title="bbox 252 1604 332 1641; baseline 0.025 -2"><span class='ocrx_word' id='word_1_76' title='bbox 252 1604 332 1641; x_wconf 87' lang='grc'>196.</span> 
     </span>
    </p>
   </div>
   <div class='ocr_carea' id='block_1_7' title="bbox 250 1742 331 1777">
    <p class='ocr_par' dir='ltr' id='par_1_8' title="bbox 250 1742 331 1777">
     <span class='ocr_line' id='line_1_15' title="bbox 250 1742 331 1777; baseline -0.012 0"><span class='ocrx_word' id='word_1_77' title='bbox 250 1742 331 1777; x_wconf 84' lang='grc'><strong>211.</strong></span> 
     </span>
    </p>
   </div>
   <div class='ocr_carea' id='block_1_8' title="bbox 250 1944 332 1981">
    <p class='ocr_par' dir='ltr' id='par_1_9' title="bbox 250 1944 332 1981">
     <span class='ocr_line' id='line_1_16' title="bbox 250 1944 332 1981; baseline 0.012 -1"><span class='ocrx_word' id='word_1_78' title='bbox 250 1944 332 1981; x_wconf 82' lang='lat'>245.</span> 
     </span>
    </p>
   </div>
   <div class='ocr_carea' id='block_1_9' title="bbox 249 2145 331 2182">
    <p class='ocr_par' dir='ltr' id='par_1_10' title="bbox 249 2145 331 2182">
     <span class='ocr_line' id='line_1_17' title="bbox 249 2145 331 2182; baseline 0.012 -1"><span class='ocrx_word' id='word_1_79' title='bbox 249 2145 331 2182; x_wconf 87' lang='lat'><strong>498.</strong></span> 
     </span>
    </p>
   </div>
   <div class='ocr_carea' id='block_1_10' title="bbox 366 926 1525 2398">
    <p class='ocr_par' dir='ltr' id='par_1_11' title="bbox 369 926 1525 1718">
     <span class='ocr_line' id='line_1_18' title="bbox 371 926 1390 971; baseline 0 -10"><span class='ocrx_word' id='word_1_80' title='bbox 371 926 495 961; x_wconf 84' lang='lat' dir='ltr'><strong>Prima</strong></span> <span class='ocrx_word' id='word_1_81' title='bbox 518 927 630 963; x_wconf 83' lang='lat' dir='ltr'><strong>deum</strong></span> <span class='ocrx_word' id='word_1_82' title='bbox 656 926 802 971; x_wconf 88' lang='lat' dir='ltr'><strong>magnis</strong></span> <span class='ocrx_word' id='word_1_83' title='bbox 825 926 995 962; x_wconf 87' lang='lat' dir='ltr'><strong>canimus</strong></span> <span class='ocrx_word' id='word_1_84' title='bbox 1018 926 1115 961; x_wconf 87' lang='lat' dir='ltr'><strong>freta</strong></span> <span class='ocrx_word' id='word_1_85' title='bbox 1139 926 1267 970; x_wconf 87' lang='lat' dir='ltr'><strong>pervia</strong></span> <span class='ocrx_word' id='word_1_86' title='bbox 1289 926 1390 961; x_wconf 88' lang='lat' dir='ltr'><strong>natis</strong></span> 
     </span>
     <span class='ocr_line' id='line_1_19' title="bbox 370 993 791 1039; baseline 0.005 -10"><span class='ocrx_word' id='word_1_87' title='bbox 370 993 631 1039; x_wconf 77' lang='lat' dir='ltr'><strong>fatidicamque</strong></span> <span class='ocrx_word' id='word_1_88' title='bbox 656 996 791 1031; x_wconf 86' lang='lat' dir='ltr'><strong>ratem.</strong></span> 
     </span>
     <span class='ocr_line' id='line_1_20' title="bbox 372 1061 1377 1106; baseline -0.001 -9"><span class='ocrx_word' id='word_1_89' title='bbox 372 1062 404 1097; x_wconf 91' lang='lat' dir='ltr'><strong>si</strong></span> <span class='ocrx_word' id='word_1_90' title='bbox 442 1071 514 1106; x_wconf 84' lang='lat' dir='ltr'><strong>qua</strong></span> <span class='ocrx_word' id='word_1_91' title='bbox 551 1063 671 1106; x_wconf 87' lang='lat' dir='ltr'><strong>operis</strong></span> <span class='ocrx_word' id='word_1_92' title='bbox 707 1062 804 1101; x_wconf 86' lang='lat' dir='ltr'><strong>tanti</strong></span> <span class='ocrx_word' id='word_1_93' title='bbox 844 1062 983 1097; x_wconf 86' lang='lat' dir='ltr'><strong>domito</strong></span> <span class='ocrx_word' id='word_1_94' title='bbox 1014 1069 1232 1105; x_wconf 83' lang='lat' dir='ltr'><strong>consurgere</strong></span> <span class='ocrx_word' id='word_1_95' title='bbox 1264 1061 1377 1105; x_wconf 87' lang='lat' dir='ltr'><strong>ponto</strong></span> 
     </span>
     <span class='ocr_line' id='line_1_21' title="bbox 373 1127 1525 1177; baseline 0 -12"><span class='ocrx_word' id='word_1_96' title='bbox 373 1129 473 1165; x_wconf 85' lang='lat' dir='ltr'><strong>fama</strong></span> <span class='ocrx_word' id='word_1_97' title='bbox 497 1132 610 1175; x_wconf 85' lang='lat' dir='ltr'><strong>queat</strong></span> <span class='ocrx_word' id='word_1_98' title='bbox 635 1129 669 1177; x_wconf 91' lang='lat'><strong>(„</strong></span> <span class='ocrx_word' id='word_1_99' title='bbox 680 1131 794 1175; x_wconf 84' lang='lat' dir='ltr'><strong>ponto</strong></span> <span class='ocrx_word' id='word_1_100' title='bbox 804 1127 827 1145; x_wconf 93' lang='lat'><strong>&#39;’</strong></span> <span class='ocrx_word' id='word_1_101' title='bbox 852 1138 926 1166; x_wconf 89' lang='lat' dir='ltr'><strong>non</strong></span> <span class='ocrx_word' id='word_1_102' title='bbox 951 1130 1097 1174; x_wconf 65' lang='lat' dir='ltr'><strong>soectat</strong></span> <span class='ocrx_word' id='word_1_103' title='bbox 1121 1128 1168 1165; x_wconf 86' lang='lat' dir='ltr'><strong>ad</strong></span> <span class='ocrx_word' id='word_1_104' title='bbox 1185 1131 1329 1165; x_wconf 90' lang='lat' dir='ltr'><strong>certum</strong></span> <span class='ocrx_word' id='word_1_105' title='bbox 1343 1127 1525 1165; x_wconf 85' lang='lat' dir='ltr'><strong>maresed</strong></span> 
     </span>
     <span class='ocr_line' id='line_1_22' title="bbox 372 1196 1032 1244; baseline 0 -12"><span class='ocrx_word' id='word_1_106' title='bbox 372 1206 473 1232; x_wconf 87' lang='lat' dir='ltr'><strong>mare</strong></span> <span class='ocrx_word' id='word_1_107' title='bbox 498 1197 620 1241; x_wconf 86' lang='lat' dir='ltr'><strong>ipsum</strong></span> <span class='ocrx_word' id='word_1_108' title='bbox 645 1198 810 1234; x_wconf 89' lang='lat' dir='ltr'><strong>nondum</strong></span> <span class='ocrx_word' id='word_1_109' title='bbox 834 1196 1032 1244; x_wconf 87' lang='lat' dir='ltr'><strong>apertum).</strong></span> 
     </span>
     <span class='ocr_line' id='line_1_23' title="bbox 371 1265 1377 1303; baseline 0 -2"><span class='ocrx_word' id='word_1_110' title='bbox 371 1265 499 1301; x_wconf 86' lang='lat' dir='ltr'><strong>hacine</strong></span> <span class='ocrx_word' id='word_1_111' title='bbox 532 1274 600 1303; x_wconf 92' lang='lat' dir='ltr'><strong>nos</strong></span> <span class='ocrx_word' id='word_1_112' title='bbox 636 1266 784 1303; x_wconf 78' lang='lat' dir='ltr'><strong>animae</strong></span> <span class='ocrx_word' id='word_1_113' title='bbox 820 1265 948 1302; x_wconf 83' lang='lat' dir='ltr'><strong>faciles</strong></span> <span class='ocrx_word' id='word_1_114' title='bbox 972 1266 1053 1302; x_wconf 84' lang='lat' dir='ltr'><strong>rate</strong></span> <span class='ocrx_word' id='word_1_115' title='bbox 1085 1265 1210 1302; x_wconf 90' lang='lat' dir='ltr'><strong>nubila</strong></span> <span class='ocrx_word' id='word_1_116' title='bbox 1247 1266 1377 1301; x_wconf 87' lang='lat' dir='ltr'><strong>contra</strong></span> 
     </span>
     <span class='ocr_line' id='line_1_24' title="bbox 371 1332 1525 1380; baseline 0 -12"><span class='ocrx_word' id='word_1_117' title='bbox 371 1333 582 1370; x_wconf 78' lang='lat' dir='ltr'><strong>mittimur?</strong></span> <span class='ocrx_word' id='word_1_118' title='bbox 616 1336 686 1370; x_wconf 90' lang='lat' dir='ltr'><strong>etc.</strong></span> <span class='ocrx_word' id='word_1_119' title='bbox 723 1333 800 1380; x_wconf 90' lang='lat' dir='ltr'><strong>(ubi</strong></span> <span class='ocrx_word' id='word_1_120' title='bbox 833 1343 935 1370; x_wconf 83' lang='lat' dir='ltr'><strong>mare</strong></span> <span class='ocrx_word' id='word_1_121' title='bbox 969 1334 1039 1370; x_wconf 91' lang='lat' dir='ltr'><strong>sibi</strong></span> <span class='ocrx_word' id='word_1_122' title='bbox 1062 1334 1171 1377; x_wconf 88' lang='lat' dir='ltr'><strong>fingit</strong></span> <span class='ocrx_word' id='word_1_123' title='bbox 1193 1333 1302 1369; x_wconf 84' lang='lat' dir='ltr'><strong>Iason</strong></span> <span class='ocrx_word' id='word_1_124' title='bbox 1326 1332 1525 1377; x_wconf 90' lang='lat' dir='ltr'><strong>imperitus</strong></span> 
     </span>
     <span class='ocr_line' id='line_1_25' title="bbox 372 1399 1524 1446; baseline 0.001 -11"><span class='ocrx_word' id='word_1_125' title='bbox 372 1401 411 1435; x_wconf 93' lang='lat' dir='ltr'><strong>et</strong></span> <span class='ocrx_word' id='word_1_126' title='bbox 436 1401 583 1436; x_wconf 87' lang='lat' dir='ltr'><strong>nescius</strong></span> <span class='ocrx_word' id='word_1_127' title='bbox 607 1409 755 1446; x_wconf 87' lang='lat' dir='ltr'><strong>semper</strong></span> <span class='ocrx_word' id='word_1_128' title='bbox 779 1401 977 1446; x_wconf 88' lang='lat' dir='ltr'><strong>perniciem</strong></span> <span class='ocrx_word' id='word_1_129' title='bbox 1002 1403 1041 1437; x_wconf 89' lang='lat' dir='ltr'><strong>et</strong></span> <span class='ocrx_word' id='word_1_130' title='bbox 1054 1399 1414 1446; x_wconf 86' lang='lat' dir='ltr'><strong>interitumminari,</strong></span> <span class='ocrx_word' id='word_1_131' title='bbox 1429 1408 1524 1444; x_wconf 86' lang='lat' dir='ltr'><strong>quae</strong></span> 
     </span>
     <span class='ocr_line' id='line_1_26' title="bbox 370 1468 1143 1514; baseline 0.001 -12"><span class='ocrx_word' id='word_1_132' title='bbox 370 1468 510 1504; x_wconf 85' lang='lat' dir='ltr'><strong>Acasto</strong></span> <span class='ocrx_word' id='word_1_133' title='bbox 533 1469 684 1513; x_wconf 87' lang='lat' dir='ltr'><strong>abrepto</strong></span> <span class='ocrx_word' id='word_1_134' title='bbox 708 1471 862 1513; x_wconf 88' lang='lat' dir='ltr'><strong>possent</strong></span> <span class='ocrx_word' id='word_1_135' title='bbox 886 1479 909 1505; x_wconf 86' lang='lat' dir='ltr'><strong>a</strong></span> <span class='ocrx_word' id='word_1_136' title='bbox 934 1478 976 1504; x_wconf 90' lang='lat' dir='ltr'><strong>se</strong></span> <span class='ocrx_word' id='word_1_137' title='bbox 1000 1468 1143 1514; x_wconf 85' lang='lat' dir='ltr'><strong>arceri).</strong></span> 
     </span>
     <span class='ocr_line' id='line_1_27' title="bbox 371 1534 1119 1581; baseline 0 -10"><span class='ocrx_word' id='word_1_138' title='bbox 371 1534 522 1580; x_wconf 87' lang='lat' dir='ltr'><strong>pelagus</strong></span> <span class='ocrx_word' id='word_1_139' title='bbox 546 1538 705 1581; x_wconf 87' lang='lat' dir='ltr'><strong>quantos</strong></span> <span class='ocrx_word' id='word_1_140' title='bbox 729 1536 917 1581; x_wconf 88' lang='lat' dir='ltr'><strong>aperimus</strong></span> <span class='ocrx_word' id='word_1_141' title='bbox 941 1536 980 1572; x_wconf 93' lang='lat' dir='ltr'><strong>in</strong></span> <span class='ocrx_word' id='word_1_142' title='bbox 1006 1535 1119 1572; x_wconf 90' lang='lat' dir='ltr'><strong>usus!</strong></span> 
     </span>
     <span class='ocr_line' id='line_1_28' title="bbox 369 1604 1088 1649; baseline 0.001 -9"><span class='ocrx_word' id='word_1_143' title='bbox 369 1604 443 1640; x_wconf 90' lang='lat' dir='ltr'><strong>scio</strong></span> <span class='ocrx_word' id='word_1_144' title='bbox 468 1614 529 1640; x_wconf 90' lang='lat' dir='ltr'><strong>me</strong></span> <span class='ocrx_word' id='word_1_145' title='bbox 554 1605 699 1640; x_wconf 87' lang='lat' dir='ltr'><strong>cunctis</strong></span> <span class='ocrx_word' id='word_1_146' title='bbox 723 1613 745 1640; x_wconf 93' lang='lat' dir='ltr'><strong>e</strong></span> <span class='ocrx_word' id='word_1_147' title='bbox 771 1605 944 1649; x_wconf 88' lang='lat' dir='ltr'><strong>gentibus</strong></span> <span class='ocrx_word' id='word_1_148' title='bbox 970 1614 1088 1641; x_wconf 89' lang='lat' dir='ltr'><strong>unum</strong></span> 
     </span>
     <span class='ocr_line' id='line_1_29' title="bbox 369 1672 1268 1718; baseline -0.001 -9"><span class='ocrx_word' id='word_1_149' title='bbox 369 1672 530 1709; x_wconf 88' lang='lat' dir='ltr'><strong>inlicitas</strong></span> <span class='ocrx_word' id='word_1_150' title='bbox 549 1674 734 1718; x_wconf 87' lang='lat' dir='ltr'><strong>temptare</strong></span> <span class='ocrx_word' id='word_1_151' title='bbox 759 1673 841 1709; x_wconf 86' lang='lat' dir='ltr'><strong>vias</strong></span> <span class='ocrx_word' id='word_1_152' title='bbox 865 1673 1098 1717; x_wconf 89' lang='lat' dir='ltr'><strong>hiememque</strong></span> <span class='ocrx_word' id='word_1_153' title='bbox 1123 1672 1268 1709; x_wconf 89' lang='lat' dir='ltr'><strong>mereri.</strong></span> 
     </span>
    </p>

    <p class='ocr_par' dir='ltr' id='par_1_12' title="bbox 370 1742 1375 1927">
     <span class='ocr_line' id='line_1_30' title="bbox 515 1742 1107 1778; baseline -0.002 0"><span class='ocrx_word' id='word_1_154' title='bbox 515 1743 652 1778; x_wconf 88' lang='lat' dir='ltr'><strong>nostris</strong></span> <span class='ocrx_word' id='word_1_155' title='bbox 676 1742 783 1778; x_wconf 90' lang='lat' dir='ltr'><strong>modo</strong></span> <span class='ocrx_word' id='word_1_156' title='bbox 805 1743 973 1778; x_wconf 89' lang='lat' dir='ltr'><strong>concitus</strong></span> <span class='ocrx_word' id='word_1_157' title='bbox 1005 1742 1107 1777; x_wconf 87' lang='lat' dir='ltr'><strong>ausis</strong></span> 
     </span>
     <span class='ocr_line' id='line_1_31' title="bbox 370 1808 1375 1854; baseline 0.001 -10"><span class='ocrx_word' id='word_1_158' title='bbox 370 1818 568 1854; x_wconf 87' lang='lat' dir='ltr'><strong>aequoreos</strong></span> <span class='ocrx_word' id='word_1_159' title='bbox 591 1812 701 1846; x_wconf 83' lang='lat' dir='ltr'><strong>vocat</strong></span> <span class='ocrx_word' id='word_1_160' title='bbox 724 1818 808 1845; x_wconf 91' lang='lat' dir='ltr'><strong>ecce</strong></span> <span class='ocrx_word' id='word_1_161' title='bbox 833 1809 930 1845; x_wconf 90' lang='lat' dir='ltr'><strong>Deos</strong></span> <span class='ocrx_word' id='word_1_162' title='bbox 955 1808 1151 1854; x_wconf 86' lang='lat' dir='ltr'><strong>Neptunus</strong></span> <span class='ocrx_word' id='word_1_163' title='bbox 1177 1811 1218 1845; x_wconf 90' lang='lat' dir='ltr'><strong>et</strong></span> <span class='ocrx_word' id='word_1_164' title='bbox 1242 1810 1375 1854; x_wconf 90' lang='lat' dir='ltr'><strong>ingens</strong></span> 
     </span>
     <span class='ocr_line' id='line_1_32' title="bbox 371 1878 889 1927; baseline 0.006 -14"><span class='ocrx_word' id='word_1_165' title='bbox 371 1878 575 1914; x_wconf 92' lang='lat' dir='ltr'><strong>concilium.</strong></span> <span class='ocrx_word' id='word_1_166' title='bbox 886 1923 889 1927; x_wconf 44' lang='grc'>,</span> 
     </span>
    </p>

    <p class='ocr_par' dir='ltr' id='par_1_13' title="bbox 366 1945 1424 2398">
     <span class='ocr_line' id='line_1_33' title="bbox 517 1945 1177 1989; baseline -0.005 -7"><span class='ocrx_word' id='word_1_167' title='bbox 517 1945 608 1982; x_wconf 89' lang='lat' dir='ltr'><strong>deus</strong></span> <span class='ocrx_word' id='word_1_168' title='bbox 633 1946 743 1987; x_wconf 86' lang='lat' dir='ltr'><strong>haec,</strong></span> <span class='ocrx_word' id='word_1_169' title='bbox 768 1945 859 1982; x_wconf 87' lang='lat' dir='ltr'><strong>deus</strong></span> <span class='ocrx_word' id='word_1_170' title='bbox 883 1945 1004 1981; x_wconf 92' lang='lat' dir='ltr'><strong>omine</strong></span> <span class='ocrx_word' id='word_1_171' title='bbox 1029 1945 1177 1989; x_wconf 85' lang='lat' dir='ltr'><strong>dextro,</strong></span> 
     </span>
     <span class='ocr_line' id='line_1_34' title="bbox 371 2012 1276 2058; baseline 0.001 -10"><span class='ocrx_word' id='word_1_172' title='bbox 371 2012 532 2058; x_wconf 88' lang='lat' dir='ltr'><strong>imperat</strong></span> <span class='ocrx_word' id='word_1_173' title='bbox 555 2013 635 2058; x_wconf 91' lang='lat' dir='ltr'><strong>ipse</strong></span> <span class='ocrx_word' id='word_1_174' title='bbox 662 2023 729 2050; x_wconf 94' lang='lat' dir='ltr'><strong>suo</strong></span> <span class='ocrx_word' id='word_1_175' title='bbox 754 2013 870 2050; x_wconf 86' lang='lat' dir='ltr'><strong>voluit</strong></span> <span class='ocrx_word' id='word_1_176' title='bbox 894 2013 1114 2049; x_wconf 88' lang='lat' dir='ltr'><strong>commercia</strong></span> <span class='ocrx_word' id='word_1_177' title='bbox 1138 2012 1276 2049; x_wconf 88' lang='lat' dir='ltr'><strong>mundo</strong></span> 
     </span>
     <span class='ocr_line' id='line_1_35' title="bbox 369 2079 1317 2130; baseline -0.001 -14"><span class='ocrx_word' id='word_1_178' title='bbox 369 2079 534 2128; x_wconf 88' lang='lat' dir='ltr'><strong>Iuppiter</strong></span> <span class='ocrx_word' id='word_1_179' title='bbox 555 2083 594 2118; x_wconf 90' lang='lat' dir='ltr'><strong>et</strong></span> <span class='ocrx_word' id='word_1_180' title='bbox 619 2083 747 2119; x_wconf 87' lang='lat' dir='ltr'><strong>tantos</strong></span> <span class='ocrx_word' id='word_1_181' title='bbox 771 2082 961 2118; x_wconf 87' lang='lat' dir='ltr'><strong>hominum</strong></span> <span class='ocrx_word' id='word_1_182' title='bbox 986 2081 1140 2130; x_wconf 83' lang='lat' dir='ltr'><strong>miscere</strong></span> <span class='ocrx_word' id='word_1_183' title='bbox 1163 2080 1317 2116; x_wconf 87' lang='lat' dir='ltr'><strong>labores.</strong></span> 
     </span>
     <span class='ocr_line' id='line_1_36' title="bbox 371 2147 1311 2195; baseline 0.002 -13"><span class='ocrx_word' id='word_1_184' title='bbox 371 2147 515 2185; x_wconf 82' lang='lat' dir='ltr'><strong>siderea</strong></span> <span class='ocrx_word' id='word_1_185' title='bbox 539 2151 630 2185; x_wconf 87' lang='lat' dir='ltr'><strong>tunc</strong></span> <span class='ocrx_word' id='word_1_186' title='bbox 653 2158 737 2185; x_wconf 84' lang='lat' dir='ltr'><strong>arce</strong></span> <span class='ocrx_word' id='word_1_187' title='bbox 761 2152 867 2195; x_wconf 87' lang='lat' dir='ltr'><strong>pater</strong></span> <span class='ocrx_word' id='word_1_188' title='bbox 890 2149 1134 2194; x_wconf 84' lang='lat' dir='ltr'><strong>pulcherrima</strong></span> <span class='ocrx_word' id='word_1_189' title='bbox 1159 2148 1311 2185; x_wconf 85' lang='lat' dir='ltr'><strong>Graium</strong></span> 
     </span>
     <span class='ocr_line' id='line_1_37' title="bbox 368 2215 1424 2262; baseline 0.001 -11"><span class='ocrx_word' id='word_1_190' title='bbox 368 2217 498 2260; x_wconf 90' lang='lat' dir='ltr'><strong>coepta</strong></span> <span class='ocrx_word' id='word_1_191' title='bbox 521 2217 634 2253; x_wconf 93' lang='lat' dir='ltr'><strong>tuens</strong></span> <span class='ocrx_word' id='word_1_192' title='bbox 657 2219 876 2262; x_wconf 85' lang='lat' dir='ltr'><strong>tantamque</strong></span> <span class='ocrx_word' id='word_1_193' title='bbox 901 2217 1021 2262; x_wconf 89' lang='lat' dir='ltr'><strong>operis</strong></span> <span class='ocrx_word' id='word_1_194' title='bbox 1045 2225 1262 2261; x_wconf 85' lang='lat' dir='ltr'><strong>consurgere</strong></span> <span class='ocrx_word' id='word_1_195' title='bbox 1287 2215 1424 2252; x_wconf 90' lang='lat' dir='ltr'><strong>molem</strong></span> 
     </span>
     <span class='ocr_line' id='line_1_38' title="bbox 366 2282 1340 2331; baseline 0.002 -13"><span class='ocrx_word' id='word_1_196' title='bbox 366 2282 542 2321; x_wconf 84' lang='lat' dir='ltr'><strong>laetatur:</strong></span> <span class='ocrx_word' id='word_1_197' title='bbox 569 2285 680 2329; x_wconf 89' lang='lat' dir='ltr'><strong>patrii</strong></span> <span class='ocrx_word' id='word_1_198' title='bbox 705 2294 824 2331; x_wconf 88' lang='lat' dir='ltr'><strong>neque</strong></span> <span class='ocrx_word' id='word_1_199' title='bbox 849 2285 949 2322; x_wconf 89' lang='lat' dir='ltr'><strong>enim</strong></span> <span class='ocrx_word' id='word_1_200' title='bbox 973 2285 1103 2330; x_wconf 88' lang='lat' dir='ltr'><strong>probat</strong></span> <span class='ocrx_word' id='word_1_201' title='bbox 1127 2285 1202 2321; x_wconf 88' lang='lat' dir='ltr'><strong>otia</strong></span> <span class='ocrx_word' id='word_1_202' title='bbox 1226 2284 1340 2329; x_wconf 88' lang='lat' dir='ltr'><strong>regni.</strong></span> 
     </span>
     <span class='ocr_line' id='line_1_39' title="bbox 369 2351 803 2398; baseline 0.005 -11"><span class='ocrx_word' id='word_1_203' title='bbox 369 2351 408 2387; x_wconf 87' lang='lat' dir='ltr'><strong>cf</strong></span> <span class='ocrx_word' id='word_1_204' title='bbox 429 2352 521 2393; x_wconf 86' lang='lat'><strong>607,</strong></span> <span class='ocrx_word' id='word_1_205' title='bbox 550 2353 640 2398; x_wconf 85' lang='lat'>702,</span> <span class='ocrx_word' id='word_1_206' title='bbox 667 2353 689 2389; x_wconf 85' lang='lat'>2</span> <span class='ocrx_word' id='word_1_207' title='bbox 713 2365 721 2389; x_wconf 92' lang='lat'>:</span> <span class='ocrx_word' id='word_1_208' title='bbox 745 2354 803 2389; x_wconf 85' lang='lat'><strong>49.</strong></span> 
     </span>
    </p>
   </div>
  </div>
 </body>
</html>
