1874 2826
866 277 935 323 '11'3

424 392 609 436 αἰδόμενοι»,
636 389 844 433 ὄτὲ-δάὗτις
870 393 927 428 ἐπι
954 391 1052 437 σφίσι
1081 390 1211 435 βάλλον
1225 388 1397 430 -ὀπωπάς,

371 481 376 483 ⁴
425 461 550 507 ἱμερόεν
575 461 752 507 Φαιδρῇσιν
778 461 835 497 ὑπ’
860 460 977 506 ὀφρύσι
1003 460 1221 504 μειδιόωντες.

302 528 465 568 Tandem
484 530 655 567 Iasonem
673 530 806 575 alloqui
824 539 917 567 ausa
941 530 976 567 ei
995 531 1120 567 omnia
1131 532 1303 567 accurate
1315 528 1551 576 praescribit,

251 607 347 642 quae
379 599 418 635 'ei
450 599 581 643 agendi
606 599 684 635 sint
707 602 751 635 ut
775 598 903 635 salvus
928 608 949 635 e
973 598 1185 644 periculosis
1209 598 1394 635 laboribus
1418 607 1442 634 a
1466 607 1552 642 rege

251 665 370 701 Aeete
393 665 580 711 impositis
605 665 762 706 evadat,
787 668 827 702 et
850 665 939 701 dicit
963 674 1095 701 versus
1124 666 1218 701 1060
1243 673 1341 710 seq.:

523 732 560 767 τὸ
585 732 622 767 δὲ
646 734 735 772 κῶας
761 733 795 772 ἐς
821 731 978 768 Ἑλλάδα
1001 731 1068 767 τοῖό
1092 731 1220 774 γ’ἕκητι

425 798 529 834 οἴσεαι
555 797 593 840 ἐξ
618 798 701 840 Αἴης
724 801 823 839 τηλοῦ
850 797 944 833 πόθι.
969 797 1073 833 νίσσεο
1098 798 1260 840 δ’ἔμπης,

425 865 447 911 ᾖ
470 866 588 911 Φίλον,
614 868 634 908 ἤ
658 879 708 902 τοι
734 866 829 902 ἕαδεν
853 865 1087 910 ἀφορμηθέντι
1107 866 1254 902 νέεσθαι.

522 933 564 974 ὣς
589 933 630 979 ἂρ
658 932 746 978 ἔφη,
771 934 829 969 καὶ
854 937 937 976 σῖγα
953 934 1069 969 ’ποδῶν
1094 933 1198 978 παρος
1226 927 1301 970 ὄσσε
1321 935 1475 978 βαλοῦσα

424 1000 604 1038 θεσπέσιον
630 1006 769 1047 λιαροῖσι
796 1001 947 1046 παρηίδα
973 1001 1108 1045 δάκρυσι
1133 1002 1223 1037 δεῦεν
1286 1031 1288 1033 ,

427 1069 611 1113 μυρομένη,
637 1068 697 1109 ἅτ’
723 1068 867 1111 ἔμελλεν
892 1067 1062 1112 ἀπόπροθι
1087 1070 1208 1104 πολλὸν
1234 1070 1292 1104 ἑοῖο

427 1137 540 1174 πόντον
566 1136 868 1180 ἐπιπλάγξεσθαι,
894 1137 1009 1182 ἀνιηρῷ
1034 1136 1071 1172 δέ
1097 1150 1154 1180 μιν
1179 1137 1277 1178 ἄντην

427 1204 562 1247 ἐξαῦτις
586 1204 685 1249 μύθῳ
710 1204 955 1249 προσεφώνεεν,
981 1201 1050 1239 εἷλέ
1075 1204 1113 1239 τέ
1140 1205 1252 1248 χειρὸς

427 1273 603 1318 δεξιτερῆς·
630 1274 669 1314 δὴ
694 1272 760 1317 γάρ
785 1274 814 1309 οἱ
837 1274 900 1308 ἀπ’
925 1271 1132 1317 ὀφθαλμοὺς
1157 1272 1254 1308 λίπεν
1279 1273 1390 1314 αἰδώς.

303 1343 529 1388 Quidquam,
564 1343 661 1387 quod
685 1343 810 1378 verius
835 1345 875 1378 et
896 1342 1146 1386 praestantius
1167 1344 1244 1384 est,
1271 1352 1343 1379 non
1368 1341 1475 1378 facile
1499 1343 1555 1378 in-

251 1412 394 1448 venias.
428 1411 551 1448 Verba
583 1412 788 1456 postrema,
821 1419 916 1455 quae
950 1410 1141 1446 laudabilis
1166 1403 1288 1456 puella
1311 1410 1359 1447 ad
1382 1411 1554 1447 Iasonem

251 1479 369 1525 dixit,
396 1479 430 1515 ei
454 1479 525 1524 ipsi
549 1481 630 1515 tam
654 1478 734 1515 dira
758 1480 798 1515 et
821 1481 902 1515 tam
927 1477 1087 1515 crudelia
1111 1469 1303 1524 videntur,
1328 1481 1373 1515 ut
1392 1479 1555 1515 lacrimis

251 1547 411 1593 obortis,
445 1547 572 1583 dolens
596 1547 693 1592 quod
716 1556 783 1592 per
807 1547 924 1582 maria
948 1549 1009 1582 est
1033 1548 1239 1591 erraturus,
1272 1556 1360 1583 eum
1383 1548 1554 1592 precetur

213 1664 215 1666 ‚
254 1617 300 1651 ut
335 1624 376 1651 se
413 1614 622 1651 recordetur
658 1613 793 1661 (ipsam
822 1614 923 1650 enim
956 1623 997 1649 se
1021 1614 1102 1650 eius
1126 1615 1553 1658 numquam'oblituram

250 1682 361 1728 esse),
387 1682 420 1718 si
445 1682 596 1718 domum
620 1676 737 1718 redux
762 1681 907 1717 venerit
918 1682 958 1717 et
970 1683 1014 1718 ut
1027 1681 1098 1717 sibi
1111 1681 1210 1717 dicat
1223 1682 1374 1718 ubinam
1386 1682 1420 1718 ei
1432 1683 1553 1727 patria

251 1748 307 1785 sit
332 1752 373 1785 et
390 1751 441 1785 ut
461 1750 530 1785 sibi
551 1750 656 1794 plura.
681 1749 726 1784 de
750 1748 913 1784 Ariadne
936 1751 1063 1784 narret
1088 1748 1224 1794 (1076).

304 1817 360 1853 At
405 1816 514 1853 Iason
550 1816 629 1861 ipse
666 1816 828 1853 lacrimis
864 1809 1007 1862 puellae
1045 1824 1179 1861 magno
1217 1811 1342 1853 amore
1379 1816 1551 1853 incensus

252 1885 411 1928 comiter
443 1876 606 1920 affirmat
638 1893 680 1920 se
713 1893 803 1920 suae
836 1883 968 1920 salutis
990 1884 1151 1921 auctoris
1175 1886 1376 1929 noctesque
1401 1884 1553 1929 diesque

256 1961 459 1989 memorem
495 1952 572 1989 fore
609 1953 649 1989 et
684 1951 870 1989 nonnullis
906 1952 951 1989 de
984 1953 1124 1998 patria,
1162 1952 1207 1988 de
1232 1947 1472 1998 Orchomeno,
1507 1953 1553 1988 de

253 2021 420 2057 Ariadne
456 2020 641 2066 expositis·
668 2023 783 2066 optat
805 2024 852 2057 ut
875 2021 1014 2057 Aeetes
1040 2030 1167 2057 secum
1192 2015 1399 2057 consentiat
1422 2020 1552 2056 eodem

256 2089 365 2126 modo
401 2098 473 2134 quo
505 2089 624 2126 Minos
660 2098 746 2126 cum
779 2089 930 2130 Theseo,
969 2090 1023 2126 At
1056 2089 1159 2134 virgo
1183 2088 1387 2124 discessum
1410 2087 1553 2125 Iasonis

255 2157 383 2193 dolens
414 2160 455 2194 et
490 2158 538 2193 ad
561 2158 856 2202 desperationem
881 2157 1041 2193 adducta
1064 2151 1173 2193 dicit:
1200 2159 1344 2202 patrem
1368 2165 1442 2192 non
1467 2165 1552 2192 esse

252 2224 419 2261 similem
455 2225 566 2261 Minoi
602 2234 722 2270 neque
741 2231 743 2234 ·
760 2234 802 2261 se
839 2225 1044 2268 Ariadnam
1081 2225 1140 2261 ille
1175 2227 1302 2260 autem
1327 2224 1386 2260 sui
1410 2233 1554 2261 memor

254 2293 326 2336 sit;
366 2292 431 2329 sed
463 2293 564 2329 fama
596 2302 618 2329 e
648 2293 846 2339 longinqua
878 2295 979 2330 terra
1003 2293 1062 2329 vel
1087 2294 1217 2329 nuntia
1240 2293 1323 2329 avis
1346 2293 1495 2336 veniat,
1520 2295 1553 2330 si

254 2361 391 2398 oblitus
415 2360 527 2398 fuerit
551 2362 731 2407 amantis,
758 2364 824 2398 aut
849 2362 1024 2407 procellae
1049 2370 1089 2397 se
1116 2362 1228 2406 agant
1253 2361 1292 2397 in
1312 2363 1552 2407 conspectum

1480 2421 1505 2457 8
