1874 2826
827 874 1186 916 GGHGLUSW.

405 1009 639 1054 Quamquam
676 1012 734 1046 tot
772 1012 813 1046 et
844 1011 953 1046 tanta
986 1010 1199 1046 discrimina
1224 1012 1312 1047 sunt
1337 1009 1435 1046 inter
1459 1011 1660 1053 utrumque

357 1079 526 1123 poetam,
561 1077 709 1122 utrique
741 1087 937 1114 commune
962 1079 1041 1120 est,
1075 1078 1172 1123 quod
1197 1078 1372 1114 vixerunt
1395 1079 1540 1119 aetate,
1566 1086 1661 1122 quae

357 1146 538 1181 successit
562 1145 707 1181 florenti
731 1145 803 1181 arti
820 1145 985 1191 poeticae
997 1145 1121 1190 populi
1134 1145 1263 1182 Graeci
1275 1147 1315 1182 et
1328 1145 1498 1190 Romani,
1511 1142 1552 1182 et
1563 1145 1659 1190 quod

355 1215 621 1259 argumentum
657 1223 730 1250 non
768 1214 893 1250 minus
930 1223 1044 1259 quam
1076 1223 1228 1260 poeseos
1252 1223 1370 1259 genus
1395 1223 1418 1250 a
1442 1223 1512 1250 sua
1537 1215 1660 1251 aetate

354 1282 519 1318 alienum
544 1284 812 1319 tractaverunt.
838 1283 916 1327 Quo
941 1285 1070 1319 autem
1096 1284 1203 1319 modo
1222 1285 1378 1328 uterque
1396 1291 1549 1318 munere
1562 1282 1661 1319 func-

355 1351 420 1386 tus
457 1350 547 1386 est?
584 1350 802 1394 Apollonius
838 1350 1004 1386 Rhodius
1034 1354 1074 1386 et
1102 1351 1271 1387 Valerius
1296 1350 1450 1386 Flaccus
1470 1350 1517 1386 ab
1541 1349 1660 1386 indole

355 1418 479 1463 gentis
503 1428 593 1455 suae
617 1428 690 1455 non
716 1420 982 1456 aberraverunt
1006 1419 1072 1456 sed
1097 1429 1192 1464 quae
1212 1420 1357 1465 propria
1376 1422 1466 1456 sunt
1486 1412 1659 1455 Graeciae

355 1488 396 1522 et
416 1486 533 1532 Latii,
553 1488 592 1523 in
613 1488 808 1531 utriusque
829 1489 960 1532 poetae
980 1487 1241 1532 Argonauticis
1252 1496 1396 1532 quoque
1408 1486 1658 1532 inveniuntur,

354 1555 489 1599 quibus
514 1564 605 1600 gens
630 1556 797 1592 omnium
822 1556 961 1592 artium
986 1555 1333 1600 disciplinarumque
1358 1557 1398 1592 et
1418 1557 1608 1592 inventrix
1621 1557 1660 1592 et

356 1623 494 1659 cultrix
517 1624 649 1668 populo
674 1623 784 1668 duro,
809 1623 975 1669 militari,
1000 1624 1187 1659 forensem
1198 1632 1310 1659 usum
1323 1624 1363 1659 et
1375 1625 1496 1659 artem
1508 1623 1660 1659 rhetori-

356 1701 440 1728 cam
453 1692 643 1728 exercenti
655 1692 862 1737 opponitur.
880 1691 1076 1729 Homerica
1087 1691 1222 1738 poesis,
1235 1691 1554 1737 splendidissimae
1568 1692 1660 1729 artis

356 1759 569 1795 Hellenicae
599 1761 699 1804 origo
723 1761 810 1795 finis
835 1769 979 1804 quoque
1002 1760 1213 1796 litterarum
1237 1760 1461 1796 Graecarum
1486 1760 1566 1796 fuit.
1604 1761 1660 1797 At

360 1829 551 1875 „tempora
576 1827 772 1863 mutantur
785 1828 825 1863 et
837 1836 905 1863 nos
918 1828 1109 1863 mutamur
1121 1826 1160 1862 in
1172 1824 1279 1868 illis”,
1304 1828 1349 1864 ut
1360 1826 1454 1864 dixit
1468 1827 1658 1875 Horatius,

355 1899 397 1932 et
434 1895 566 1931 Graeci
599 1904 744 1939 quoque
779 1895 929 1931 mutati.
966 1894 1075 1930 Nulla
1098 1895 1362 1939 rhapsodorum
1387 1896 1524 1933 familia
1551 1898 1658 1942 Apol-

354 1963 443 1999 lonii
479 1963 732 2007 Argonautica
771 1963 1037 1998 declamatione
1074 1962 1200 2007 auxit,
1237 1963 1281 1998 ut
1316 1963 1466 1999 Aeolica
1498 1966 1538 2000 et
1570 1973 1658 2001 mox

354 2031 478 2068 Ionica
502 2041 596 2077 gens
621 2031 909 2075 composuerunt
933 2030 1084 2067 Iliadem
1109 2033 1149 2067 et
1169 2030 1390 2077 Odysseam,
1417 2032 1517 2069 nulla
1536 2033 1658 2071 virtus

355 2100 509 2136 heroum
543 2099 779 2135 doctissimos
813 2098 1053 2135 bibliothecae
1086 2098 1357 2135 Alexandrinae
1380 2100 1585 2145 praefectos
1605 2101 1657 2137 in·

354 2168 580 2209 flammavit,
606 2176 680 2204 non
702 2166 752 2203 dii
776 2168 816 2203 et
840 2165 931 2203 deae
951 2166 997 2202 iis
1008 2165 1084 2202 iam
1097 2166 1193 2203 cordi
1207 2169 1333 2213 erant,
1357 2167 1500 2205 iacebat
1513 2168 1656 2215 religio,

355 2246 422 2272 nec
447 2237 700 2281 Argonautica
725 2245 848 2272 mores
870 2237 910 2271 et
927 2236 1048 2271 totam
1069 2235 1169 2271 vitae
1181 2236 1363 2272 rationem
1375 2236 1517 2273 docent.
1540 2237 1657 2274 Multa

354 2305 484 2340 autem
508 2304 675 2340 doctrina
698 2304 887 2346 laborant,
913 2305 1175 2348 argumentum
1198 2303 1321 2349 ipsum
1347 2313 1420 2341 non
1446 2308 1506 2342 est
1525 2305 1657 2351 ingens

356 2373 536 2417 proelium
560 2383 583 2409 a
607 2373 760 2409 Graecia
785 2373 915 2410 contra
939 2372 1071 2408 Asiam
1092 2373 1260 2417 gestum,
1281 2375 1428 2419 spectat
1448 2375 1598 2410 tantum
1610 2374 1657 2410 ad
