1874 2826
872 264 937 300 81-

249 371 341 409 dum
373 374 590 418 argumento
623 372 832 418 Vergiliano
862 372 1032 409 concinit.
1057 371 1211 408 Didonis
1235 371 1390 417 operarii
1414 379 1547 416 magno

250 440 377 477 ardore
400 442 528 478 urbem
547 441 726 484 condunt,
749 442 883 485 ubique
896 442 1096 488 strepitus,
1122 441 1255 487 fragor,
1270 440 1426 477 clamor:
1451 449 1547 476 nova

249 508 372 553 patria
383 510 502 546 exsuli
512 511 660 555 reginae
672 510 792 555 surgit
800 537 811 555 ‚
837 510 1018 556 templum
1029 510 1265 546 aedificatum
1279 510 1340 545 est
1352 509 1415 544 ubi
1427 507 1549 544 Troia·

249 585 320 612 nae
343 577 465 622 gentis
488 578 671 623 praeclara
681 578 780 615 facta
796 578 835 614 in
848 587 1030 615 marmore
1042 577 1190 623 sculpta
1199 577 1256 614 Ilii
1268 578 1461 614 aeternam
1474 576 1547 621 glo-

249 644 343 681 riam
366 646 588 691 progenitori
611 646 734 691 populi
752 646 910 682 Romani
928 646 1138 691 praedicere
1156 646 1341 682 videntur.
1367 645 1424 681 At
1435 644 1546 680 mise-

248 712 401 749 ricordia
423 713 462 749 in
487 713 592 750 illum
610 712 751 758 patriae
771 714 901 749 orbum
921 715 961 750 et
980 704 1130 750 deorum
1149 714 1204 750 ira
1224 723 1290 759 per
1301 715 1422 750 terras
1433 721 1545 758 vaga-

247 782 332 817 tum
343 781 524 820 afficimur
535 789 664 817 omnes
674 807 683 825 ,
704 781 800 825 quod
810 780 870 815 ille
883 780 1045 816 nondum
1057 768 1234 825 Penates,
1251 783 1360 817 tanta
1371 781 1544 825 religione

247 850 435 894 servatos,
459 848 498 884 in
521 848 638 884 altera
658 847 779 893 patria
791 847 946 884 condere
959 848 1091 892 potest.
1107 848 1180 885 Res
1193 848 1376 885 secundae
1390 847 1542 885 Didonis

246 917 398 952 Aeneae
430 916 507 952 fato
531 918 774 961 opponuntur.
806 915 849 951 In
874 915 968 952 Solis
993 919 1120 952 autem
1143 917 1281 962 templo
1305 916 1541 953 describendo

246 983 417 1021 Valerius
449 985 589 1020 temere
621 983 703 1020 sine
734 982 808 1019 ullo
840 983 981 1028 poetico
1004 984 1149 1029 ingenio
1174 983 1376 1030 Vergilium
1401 984 1540 1020 insulse

246 1051 423 1088 imitatus·
436 1051 729 1088 minutissimam
740 1052 1024 1088 astronomicam
1034 1054 1074 1087 et
1086 1052 1297 1088 historicam
1309 1054 1350 1088 et
1361 1053 1540 1097 mytholo-

246 1121 368 1165 gicam
392 1120 587 1157 scientiam
611 1118 761 1165 profert.
781 1118 880 1164 Quae
900 1121 1117 1156 ornamenta
1130 1120 1253 1156 omnia
1265 1129 1340 1156 non
1352 1120 1541 1156 concinere

225 1185 232 1188 ”
246 1187 442 1224 Valeriano
456 1188 675 1232 argumento
686 1186 732 1223 de
744 1186 877 1223 itinere
889 1187 1028 1232 primae
1040 1188 1166 1230 navis,
1187 1197 1317 1224 omnes
1330 1188 1539 1226 concedent.

246 1255 320 1292 Sed
343 1255 431 1301 quid
455 1255 648 1291 dicendum
673 1255 718 1290 de
742 1255 909 1291 versibus
930 1255 1122 1306 433—454
1135 1256 1198 1291 ubi
1210 1256 1334 1292 omnia
1345 1257 1542 1301 providens

246 1323 421 1361 Mulciber
439 1323 581 1360 Iasonis
601 1324 641 1359 et
653 1322 921 1361 Medeaecasus
933 1322 1165 1360 caelaverat?
1189 1323 1340 1361 ridicula
1351 1324 1540 1371 digressio,

246 1401 320 1436 qua
331 1391 440 1428 Iason
452 1401 561 1428 suam
572 1391 761 1428 fortunam
772 1390 851 1427 suis
875 1390 987 1427 oculis
999 1392 1162 1436 aspicere
1173 1391 1313 1437 potuit!
1334 1393 1538 1429 407—455.

295 1461 382 1497 Mox
405 1460 526 1506 prodit
549 1460 689 1496 Aeetes
711 1468 735 1495 a
759 1459 963 1504 proceribus
984 1459 1145 1505 stipatus
1163 1463 1203 1496 et
1224 1460 1352 1496 Phrixi
1365 1462 1541 1506 quattuor

245 1530 333 1565 filiis
369 1529 529 1575 (utinam
565 1528 736 1564 Valerius
771 1536 834 1564 eos
870 1527 1076 1564 induxisset
1111 1528 1242 1564 eadem
1282 1529 1426 1564 ratione
1466 1534 1541 1573 qua

244 1595 493 1643 Apononiusi)
528 1596 654 1640 Rupta
686 1596 783 1631 nube
814 1595 985 1631 demissis
1008 1595 1129 1631 verbis
1153 1595 1262 1631 Iason
1285 1596 1363 1640 regi
1381 1605 1540 1632 causam

242 1665 431 1701 adventus
468 1664 527 1701 sui
551 1664 730 1709 inopinati
762 1664 914 1709 exponit
939 1666 978 1700 et
1001 1664 1096 1709 petit
1120 1664 1166 1700 ab
1190 1672 1234 1699 eo
1258 1667 1303 1700 ut
1327 1664 1397 1700 sibi
1422 1664 1541 1701 vellus

245 1741 402 1769 aureum
425 1733 490 1769 det
513 1731 746 1778 (455—518).

294 1801 350 1838 At
373 1811 460 1845 rex,
486 1801 639 1839 callidus
664 1801 873 1846 simulator,
898 1809 1049 1847 gravem
1068 1800 1159 1836 iram
1180 1808 1418 1845 compescens
1438 1799 1540 1846 polli-

245 1871 350 1906 cetur
381 1879 422 1906 se
454 1871 577 1907 Iasoni
610 1872 650 1906 et
673 1870 782 1906 sociis
806 1869 925 1905 vellus
949 1869 1042 1905 dono
1065 1869 1236 1904 daturum
1261 1877 1363 1912 esse,
1389 1868 1422 1904 si
1445 1869 1540 1905 bello

243 1939 373 1975 contra
406 1940 544 1976 Persen
576 1948 618 1976 se
649 1939 869 1975 adiuverint.
903 1938 1098 1984 Ingemens
1129 1938 1168 1973 et
1192 1936 1406 1973 fastidiosus
1429 1936 1538 1973 Iason

241 2006 493 2043 condicionem
517 2007 651 2053 accipit
674 2005 915 2054 (542—546>:

371 2083 486 2120 „ergo
509 2084 578 2111 nec
602 2075 661 2112 hic
684 2075 822 2112 nostris
847 2074 953 2111 derat
977 2074 1075 2110 labor
1099 2073 1235 2110 arduus
1258 2073 1351 2109 actis
1362 2071 1384 2086 ''

366 2143 506 2189 excipit
528 2143 763 2180 Aesonides?
793 2145 859 2188 „et
882 2152 952 2180 ceu
975 2143 1066 2179 nihil
1090 2151 1244 2186 aequore
1268 2143 1390 2187 passis

368 2211 517 2249 additus
539 2211 612 2249 iste
636 2211 744 2249 dies?
769 2211 923 2249 veniant
949 2220 1058 2257 super
1083 2211 1172 2247 haec
1197 2219 1340 2255 quoque
1365 2210 1444 2248 fato

368 2278 462 2316 bella
485 2289 579 2317 meo.
605 2280 686 2317 Non
710 2280 808 2317 hunc
832 2289 948 2326 parva
973 2279 1064 2316 mihi
1089 2278 1196 2315 caede
1221 2278 1382 2315 dolorem

363 2357 531 2392 quasque
556 2348 655 2385 dedit
681 2348 758 2385 luet
782 2349 842 2385 ille
866 2358 988 2388 moras
996 2348 1030 2384 '’.

1393 2408 1416 2443 6
