1874 2826
902 270 924 305 3

264 378 391 413 autem
431 377 659 414 exstiterunt
694 387 766 423 quo
801 387 875 414 non
912 377 990 413 iam
1026 377 1194 422 gentium
1239 376 1480 421 migrationes
1521 376 1560 412 in

265 444 417 481 Graecia
448 447 599 481 turbata
630 446 800 482 nationes
826 441 867 482 et
885 445 1038 490 populos
1057 447 1170 480 antea
1189 445 1385 489 potentes,
1411 443 1560 479 sedibus

265 511 444 557 expellere
470 513 636 549 solebant
645 539 654 555 ,
676 513 740 550 sed
763 522 835 558 quo
847 513 913 549 lux
925 512 1086 549 recentis
1098 512 1236 557 quietis
1248 513 1288 548 et
1299 511 1558 556 prosperitatis

266 583 395 617 exorta
413 584 454 617 et
463 582 610 617 litterae
622 590 695 617 non
708 582 762 617 ita
774 582 893 618 multo
904 583 990 626 post
1002 581 1176 625 vulgatae
1188 582 1229 616 et
1237 583 1370 624 gentes
1383 581 1423 615 et
1435 589 1562 615 earum

266 649 427 685 carmina
437 657 650 694 permanere
662 649 700 685 in
714 658 862 685 summa
874 649 987 693 gloria
998 649 1180 685 sinebant.
1195 648 1251 684 Ne
1264 648 1417 684 Homeri
1428 646 1488 692 (ut
1495 648 1564 683 hoc

265 716 414 752 nomine
429 715 530 763 utar)
543 716 706 752 carmina
718 717 837 761 prima
849 716 947 753 facta
959 725 1042 752 esse
1055 718 1221 760 tempore
1230 743 1242 762 ‚
1263 715 1360 761 quod
1371 715 1512 752 artium
1524 717 1565 751 et

265 792 352 819 mox
365 784 552 819 doctrinae
564 784 783 819 incunabula
795 784 900 826 vidit,
913 784 1124 828 putaveris!
1146 783 1270 819 Iliadis
1282 784 1382 819 enim
1394 784 1485 819 liber
1493 783 1530 819 1:
1541 785 1560 819 1

265 851 370 886 docet
378 851 542 887 Achillen
551 850 658 890 πόδας
671 850 751 885 ὠκὺν
761 851 963 887 celeritatis
974 851 1116 887 virtute
1128 851 1203 887 iam
1212 854 1301 887 ante
1309 851 1461 888 Iliadem
1473 854 1563 888 nota

266 918 491 954 celebratum
514 919 630 955 fuisse
655 929 723 955 nec
747 920 871 955 minus
895 928 944 954 ex
964 919 1129 963 Odyssea
1149 919 1407 964 cognovimus,
1428 919 1564 963 quibus

266 987 488 1023 carminibus
511 987 738 1023 Demodocus
763 985 790 1021 3
814 988 862 1023 44
886 989 926 1023 et
950 987 1126 1022 Phemius
1150 998 1176 1020 a
1203 987 1292 1032 154,
1318 986 1410 1031 337,
1433 998 1449 1029 ρ
1471 987 1561 1032 263,

267 1065 297 1096 χ
321 1054 390 1090 331
429 1055 603 1091 convivas
638 1054 820 1090 delectare
845 1054 944 1091 soliti
969 1054 1065 1090 sint:
1092 1054 1238 1090 Troiam
1262 1054 1394 1090 urbem
1415 1056 1563 1098 captam

267 1123 308 1157 et
326 1122 624 1165 Argonautarum
644 1122 717 1157 iter
728 1124 877 1158 mentes
888 1122 1082 1158 hominum
1094 1122 1262 1157 tenuisse
1274 1121 1312 1156 in
1326 1121 1493 1165 Odyssea
1505 1122 1564 1157 hic

268 1190 378 1233 atque
410 1189 482 1224 illic
513 1189 680 1233 legimus.
713 1188 887 1225 Nonnihil
914 1190 1041 1224 tamen
1079 1188 1274 1224 historicae
1310 1188 1484 1224 veritatis
1524 1188 1562 1223 in

267 1256 462 1292 Homerica
498 1258 596 1302 poesi
633 1257 735 1293 inest
770 1267 996 1302 quamquam
1032 1257 1131 1293 facta
1168 1256 1318 1302 saepius
1341 1256 1501 1300 repetita
1524 1257 1566 1291 et

201 1338 203 1340 ·
267 1326 414 1361 mutata
448 1327 627 1369 auctaque
663 1326 825 1362 multum
849 1327 895 1361 ab
920 1326 1059 1370 origine
1091 1326 1266 1362 historica
1289 1326 1564 1362 aberraverunt-

268 1392 398 1429 cultus
429 1394 556 1429 autem
581 1393 731 1430 deorum
763 1395 803 1430 et
832 1393 978 1439 religio,
1002 1403 1136 1430 mores
1161 1396 1201 1430 et
1225 1394 1321 1430 ratio
1346 1393 1497 1430 vivendi
1521 1401 1565 1428 eo

268 1463 451 1506 tempore,
485 1471 557 1506 quo
587 1462 657 1497 duo
688 1462 791 1506 epica
824 1462 987 1497 carmina
1019 1462 1176 1498 formam
1205 1472 1313 1498 suam
1346 1462 1562 1501 induerunt,

270 1538 416 1565 summa
448 1529 606 1566 veritate
633 1529 814 1573 descripta
840 1529 940 1565 sunt.
964 1529 1197 1574 Quamquam
1221 1530 1310 1566 ilias
1334 1531 1374 1565 et
1399 1529 1565 1574 Odyssea

269 1606 293 1632 a
327 1596 456 1632 multis
491 1596 681 1641 rhapsodis
718 1596 756 1631 in
794 1596 949 1632 diversis
985 1597 1096 1632 terris
1133 1598 1310 1633 recitatae
1346 1599 1456 1641 sunt,
1493 1606 1569 1641 quo*

268 1664 409 1700 factum
446 1665 506 1700 est
535 1666 580 1700 ut
608 1664 646 1700 in
682 1664 806 1709 partes
843 1663 1036 1700 nonnullas
1060 1665 1107 1699 ab
1131 1664 1179 1700 iis
1203 1664 1346 1700 divisae
1369 1667 1409 1700 et
1433 1665 1565 1700 auctae

269 1732 426 1777 partim,
446 1733 583 1777 partim
603 1732 794 1768 truncatae
814 1732 998 1777 propriam
1021 1735 1196 1768 naturam
1217 1734 1257 1768 et
1273 1732 1564 1780 perpetuitatem

270 1800 474 1836 amissurae
499 1800 654 1845 fuerint,
689 1800 760 1836 nisi
791 1799 1009 1836 Pisistratus
1044 1809 1108 1835 eas
1140 1800 1178 1835 in
1211 1809 1325 1836 unam
1359 1801 1499 1835 certam
1526 1802 1565 1835 et

270 1868 440 1904 stabilem
462 1867 619 1905 formam
643 1868 863 1913 redegisset,
890 1867 1030 1903 mansit
1053 1868 1099 1903 ob
1120 1867 1232 1903 huius
1253 1868 1404 1913 tyranni
1424 1868 1564 1913 sapien-

270 1938 348 1972 tem
391 1936 624 1981 prudentiam
665 1936 784 1981 prisca
818 1935 936 1972 forma
971 1935 1066 1971 satis
1101 1935 1247 1980 integra
1278 1937 1319 1971 et
1350 1936 1563 1972 immutata.

271 2004 373 2048 Quod
397 2005 668 2049 Argonauticae
691 2004 833 2041 fabulae
858 2005 945 2039 ante
968 2003 1164 2039 Homerica
1187 2004 1356 2047 tempora
1367 2004 1476 2039 fictae
1489 2012 1564 2039 non

271 2072 436 2118 contigit.
474 2072 566 2118 Quid
603 2074 730 2110 autem
762 2074 1022 2118 argumentum
1053 2071 1164 2107 fuerit
1196 2080 1366 2107 enarrare
1405 2076 1444 2107 et
1468 2071 1565 2116 quod

272 2141 413 2178 factum
437 2142 722 2178 fundamentum
747 2142 827 2178 eius
852 2141 961 2177 fuerit
981 2148 1160 2185 exponere
1172 2147 1302 2182 operae
1315 2139 1479 2184 pretium
1491 2142 1563 2176 est.

321 2208 459 2251 Pelias,
492 2209 590 2245 filius
623 2208 786 2255 Neptuni
818 2211 858 2245 et
891 2208 1063 2254 Tyronis,
1095 2216 1171 2242 una
1203 2215 1288 2241 cum
1312 2206 1426 2242 fratre
1451 2206 1565 2244 Neleo

273 2277 464 2322 expositus
505 2288 528 2313 a
572 2279 782 2322 pastoribus
826 2277 1046 2314 Thessalicis
1086 2278 1146 2311 est
1181 2275 1370 2312 educatus.
1409 2275 1566 2312 Cretheo

273 2347 436 2388 mortuo,
462 2345 524 2389 qui
548 2347 708 2382 matrem
731 2355 857 2382 eorum
883 2345 1032 2382 domum
1057 2344 1212 2380 duxerat
1237 2344 1497 2391 Aesonemque
1518 2354 1565 2381 ex

1781 1709 1874 1951 t
