1874 2826
901 253 948 289 39

278 357 408 395 adesse
441 369 514 396 non
547 361 723 405 suspicati
743 370 889 406 sumus,
917 359 1086 397 Valerius
1111 358 1274 396 breviter
1300 357 1453 393 Tartara
1476 366 1574 393 com-

278 430 460 464 memorat
469 455 479 474 ,
506 428 669 473 duasque
681 431 807 474 portas
820 437 914 471 esse,
927 437 1083 473 quarum
1095 427 1211 463 altera
1223 426 1378 472 populos
1391 427 1572 470 receptet,

277 493 392 530 altera
417 505 498 532 raro
522 499 661 541 pateat,
687 499 731 533 ut
754 504 860 541 reges
885 497 923 532 et
945 496 1154 532 sacerdotes
1166 496 1212 531 ob
1224 493 1412 540 praeclara
1424 492 1524 529 facta
1535 493 1573 528 in

276 561 467 600 beatorum
503 564 610 601 sedes
646 565 784 602 intrare
819 565 975 611 possint.
1008 563 1395 601 Animadvertendum
1436 563 1496 599 est
1534 561 1574 598 in

276 631 412 668 Valerii
445 633 607 669 carmine
641 632 863 679 (836—840)
898 634 1097 670 etiamtum
1126 633 1287 678 vestigia
1313 631 1472 668 invenin'
1497 631 1574 667 Ho-

276 700 432 737 mericae
472 700 508 748 1)
547 701 747 746 opinionis,
780 711 874 746 quae
907 702 1097 738 beatorum
1123 701 1228 737 sedes
1252 698 1402 745 regibus
1426 702 1467 735 et
1491 708 1573 744 pro-

275 769 418 804 ceribus
443 769 529 804 solis
554 778 623 804 nec
648 769 793 812 privato
817 770 909 804 bene
929 769 1061 805 merito
1082 768 1234 813 aperiat.
1260 767 1414 812 Vergilii
1426 775 1571 811 quoque

274 835 365 871 liber
402 837 533 872 sextus
570 837 664 872 hanc
700 835 837 873 Valerii
872 838 1053 881 mentem,
1087 845 1159 880 qua
1184 836 1422 881 optimatium
1447 836 1570 873 fautor

275 904 485 948 agnoscitur
507 904 564 946 (cf.
591 913 673 949 pag.
701 904 748 940 36
770 904 855 940 adn.
869 904 915 939 ad
929 913 1080 940 versum
1095 904 1139 939 71
1155 906 1194 939 et
1216 903 1323 949 761),
1337 913 1409 940 non
1423 905 1568 940 mutare

273 971 395 1016 potuit
434 972 620 1008 celebrans
663 971 832 1008 laudibus
870 971 1007 1008 futuris
1053 971 1278 1007 clarissimas
1321 972 1507 1008 Romanas
1545 981 1568 1007 a

204 1073 210 1078 .
274 1038 438 1075 Troianis
446 1039 597 1076 ducibus
609 1040 781 1076 oriundas
793 1040 964 1076 familias.
975 1040 1030 1076 At
1038 1040 1123 1076 vide
1131 1039 1303 1084 frigidum
1313 1040 1402 1075 illud
1411 1040 1482 1075 844
1493 1049 1568 1084 seq.

521 1108 604 1153 „ubi
629 1109 683 1145 sol
707 1111 903 1153 totumque
924 1117 989 1152 per
1013 1117 1153 1144 annum

421 1176 529 1211 durat
553 1177 674 1221 aprica
695 1176 776 1212 dies
800 1176 985 1220 thiasique
1011 1176 1175 1212 virorum

372 1243 602 1287 carminaque
627 1246 666 1280 et
692 1253 852 1289 quorum
872 1244 1023 1290 populis
1046 1245 1123 1280 iam
1148 1245 1255 1281 nulla
1280 1243 1446 1290 cupido.”

322 1310 469 1346 Deliciis
507 1312 697 1347 beatorum
735 1311 891 1356 depictis
927 1314 1037 1356 poeta
1069 1312 1307 1348 nihilominus
1333 1313 1460 1348 monet
1483 1312 1571 1348 illud

274 1387 465 1414 summum
488 1380 624 1415 bonum
649 1388 933 1427 supremamque
957 1380 1172 1416 felicitatem
1193 1381 1355 1416 moribus
1375 1381 1415 1415 et
1426 1379 1572 1424 ingenio

274 1454 363 1481 suae
408 1446 544 1481 aetatis
581 1455 653 1482 non
690 1446 898 1491 concinere,
935 1456 1055 1491 neque
1092 1448 1206 1492 igitur
1244 1457 1395 1484 suorum
1431 1447 1570 1483 civium

273 1512 400 1548 Manes
411 1510 486 1548 iam
498 1513 612 1549 talem
624 1513 805 1558 gaudendi
817 1516 857 1549 et
869 1516 1060 1550 aeternam
1072 1514 1193 1550 vitam
1207 1514 1303 1550 laete
1316 1514 1448 1559 agendi
1461 1514 1570 1550 ratio-

273 1589 360 1616 nem
385 1580 582 1624 quidquam
607 1590 733 1617 curare
758 1590 866 1626 posse
891 1581 938 1623 2).
965 1582 1057 1618 Boni
1081 1588 1209 1618 autem
1222 1583 1357 1626 poetae
1371 1583 1430 1617 est
1444 1591 1504 1617 res
1516 1582 1569 1618 ita

318 1700 348 1736 1)
371 1699 418 1730 De
440 1698 600 1730 Homerica
621 1697 818 1738 expositione,
841 1699 960 1729 tantum
982 1697 1154 1737 proceribus
1175 1708 1194 1729 a
1216 1698 1275 1729 diis
1295 1698 1431 1730 oriundis
1453 1699 1572 1732 favente

271 1757 310 1791 cs.
345 1757 488 1797 Mahaffy.
525 1756 621 1789 Social
653 1756 707 1788 life
736 1756 768 1788 in
792 1756 900 1788 Greece
923 1753 1014 1797 (from
1035 1755 1149 1787 Homer
1170 1757 1202 1787 to
1223 1755 1402 1799 Menander)
1425 1766 1496 1798 pag.
1521 1758 1571 1797 10,

272 1815 323 1853 26,
347 1814 402 1847 27.
436 1813 514 1857 (The
543 1814 660 1846 blessed
681 1814 796 1846 islands
819 1814 852 1846 of
870 1814 921 1846 the
943 1814 1029 1846 West
1051 1823 1126 1846 were
1149 1814 1255 1846 indeed
1279 1815 1353 1847 then
1375 1825 1395 1846 a
1417 1815 1504 1848 home
1527 1816 1573 1848 for

270 1873 322 1904 the
343 1873 418 1905 dead
442 1871 497 1914 (cf.
520 1873 576 1904 Od.
598 1872 620 1904 4
643 1884 651 1904 :
675 1873 741 1905 264
763 1871 824 1913 sq.)
848 1873 902 1904 but
923 1872 993 1912 they
1014 1872 1074 1902 had
1095 1873 1147 1903 not
1157 1873 1208 1911 yet
1220 1872 1295 1903 been
1307 1872 1571 1912 openedtomoral

270 1931 382 1969 worth,
415 1941 450 1963 as
484 1931 516 1963 in
549 1931 600 1963 the
633 1931 707 1972 days
740 1931 775 1963 of
800 1930 921 1963 Pindar.
949 1930 1031 1971 They
1053 1939 1128 1962 were
1150 1930 1288 1962 reserved
1310 1931 1358 1963 for
1379 1931 1464 1964 those
1486 1932 1568 1971 who,

267 1990 329 2022 like
351 1990 524 2028 Menelaus,
547 1990 607 2022 had
628 1990 680 2022 the
701 1990 778 2030 good
799 1990 918 2021 fortune
942 1989 975 2021 of
993 1989 1208 2033 beingrnearly
1230 1989 1345 2020 related
1367 1991 1399 2021 to
1421 1990 1473 2021 the
1494 1990 1569 2030 gods

268 2048 308 2089 by
336 2048 486 2090 marriage
516 2059 550 2082 or
580 2048 686 2091 family
707 2048 908 2082 connectione.
931 2048 1021 2081 From
1042 2039 1105 2080 tisis
1126 2046 1314 2080 aristocratic
1336 2047 1450 2080 heaven
1471 2048 1570 2083 there-

269 2107 332 2140 fore
353 2117 428 2141 even
450 2109 676 2149 Agamemnon,
711 2109 849 2142 Achilles
870 2108 931 2140 aud
952 2107 1031 2148 Ajax
1052 2117 1127 2139 were
1149 2107 1309 2143 excluded,
1332 2107 1392 2139 and
1413 2108 1570 2141 wandered

269 2165 381 2197 forlom
403 2166 436 2197 in
457 2166 510 2198 the
532 2166 645 2199 doleful
668 2166 799 2199 meadow
820 2166 855 2198 of
873 2165 1027 2207 asphodel.

314 2223 348 2264 2)
378 2225 460 2257 Fieri
490 2235 608 2266 quoque
629 2227 729 2266 potest
750 2227 786 2257 ut
809 2225 972 2258 acerbitate
995 2225 1123 2265 quadam
1145 2224 1285 2256 Valerius
1308 2223 1417 2256 dixerit
1439 2225 1513 2258 haec
1531 2227 1571 2258 ad

269 2292 366 2314 mores
385 2284 573 2323 aequalium,
599 2284 652 2324 qui
675 2284 730 2316 illa
751 2284 863 2324 gaudia
883 2293 944 2316 non
966 2285 1087 2322 curant,
1116 2282 1327 2322 vituperandos
1349 2282 1402 2314 sed
1423 2291 1485 2315 non
1506 2285 1570 2325 epi-

269 2350 339 2373 cum
360 2341 468 2374 fuisset
491 2342 653 2382 satyricam
676 2342 709 2374 in
730 2342 872 2383 aequales
894 2342 1090 2375 invectionem
1112 2340 1328 2382 Argonauticis
1349 2340 1489 2375 inserere.
