1874 2826
923 259 969 294 42

342 363 397 401 Ut
410 374 523 409 quam
536 365 826 401 luculentissime
838 373 948 409 agam
957 391 967 409 ‚
992 364 1109 409 primo
1118 390 1127 406 ‚
1141 373 1235 408 quae
1247 365 1464 410 Apollonius
1476 375 1597 402 narra-

292 432 369 478 vit,
395 434 689 474 communicabo,
716 432 858 478 deinde,
886 441 981 477 quae
1007 431 1178 468 Valerius
1190 432 1362 468 adiunxit
1374 434 1435 469 vel
1448 433 1593 475 omisit,

292 511 486 547 exponam.
512 501 680 537 Secundo
704 503 819 537 vento
842 503 882 537 et
906 500 1019 536 celeri.
1040 509 1168 542 cursu,
1194 510 1263 536 nec
1288 501 1450 537 hiemem
1475 511 1594 546 neque

293 571 450 605 terrores
485 569 626 614 primae
664 569 784 604 noctis
820 568 986 613 perpessi
1020 568 1259 613 Argonautae
1285 568 1324 604 et
1349 570 1595 613 praetervecti

292 638 501 674 Thessaliae
526 636 832 681 Macedoniaeque
857 636 968 673 litora
993 635 1224 683 (Apollonius
1248 636 1377 673 eodem
1404 638 1511 674 modo
1524 647 1596 681 quo

292 704 461 741 Valerius
483 705 548 740 sed
573 705 723 740 brevius
748 705 912 740 locorum
940 704 1091 739 nomina
1117 706 1286 740 recenset
1310 705 1327 740 I
1349 705 1595 751 2-568-608)

290 762 425 810 nave'm
450 774 489 810 in
514 774 676 810 insulam
696 774 881 810 Lemnum
906 772 1108 818 appellunt.
1136 772 1346 810 Nefandum
1372 774 1493 810 scelus
1521 783 1594 810 non

291 841 410 877 multo
447 844 535 877 ante
572 841 753 877 Lemniae
778 841 953 877 mulieres
977 850 1090 876 ausae
1116 844 1223 877 erant
1247 843 1414 886 patrare:
1441 842 1594 878 ultimas
1628 826 1630 829 ”

290 910 392 946 enim
417 919 555 955 poenas
581 920 604 946 a
628 910 775 946 maritis
800 911 838 945 et
864 910 910 945 ab
935 910 1107 946 omnibus
1120 919 1227 946 secus
1239 909 1344 946 virile
1357 913 1594 955 sumpserant

289 977 343 1011 ira
368 977 560 1021 incensae,
587 978 682 1021 quod
706 977 898 1013 Threissas
924 978 1092 1021 captivas
1106 978 1194 1019 sibi,
1208 978 1384 1013 uxoribus
1396 978 1590 1023 legitimis,

290 1045 564 1089 praetulissent.
605 1045 705 1089 Quod
742 1045 789 1081 ad
822 1045 975 1081 deorum
1012 1045 1268 1081 interventum
1295 1046 1476 1090 pertinet,
1504 1046 1593 1082 nihil

290 1114 506 1158 Apollonius
531 1114 637 1149 docet
662 1114 734 1149 nisi
759 1113 944 1148 Venerem
968 1123 991 1148 a
1017 1113 1233 1148 mulieribus
1258 1113 1421 1149 Lemniis
1442 1114 1592 1158 longum

289 1181 467 1226 temporis
504 1182 668 1226 spatium
702 1183 868 1226 spretam
896 1179 947 1228 1),
970 1181 1082 1216 iustis
1107 1180 1295 1216 sacrificiis
1320 1190 1392 1217 non
1419 1182 1591 1227 acceptis,

290 1249 411 1286 furore
447 1259 511 1285 eas
547 1249 798 1286 inflammasse
835 1251 878 1285 ut
913 1248 1136 1285 horrendum
1173 1249 1294 1285 scelus
1324 1252 1588 1294 perpetrarent.

288 1319 389 1364 Quae
434 1318 558 1354 omnia
603 1318 696 1354 satis
733 1318 992 1354 demonstrant
1028 1327 1162 1354 uxores
1199 1318 1353 1355 maritos
1390 1328 1463 1355 non
1497 1319 1591 1355 satis

287 1388 406 1424 forma
431 1389 471 1422 et
495 1395 620 1422 amore
645 1386 842 1424 obstrictos
867 1396 890 1422 a
915 1396 956 1422 se
982 1385 1221 1422 abalienasse.
1262 1386 1489 1432 Hypsipyle,
1515 1387 1589 1423 filia

286 1456 466 1491 Thoantis
504 1455 602 1500 regis
640 1455 735 1490 clam
773 1455 819 1490 ab
852 1464 895 1490 ea
920 1454 1080 1499 servati,
1106 1455 1232 1499 regina
1257 1454 1374 1496 facta,
1402 1455 1484 1490 illae
1511 1465 1591 1491 mu-

290 1524 398 1560 lieres
435 1523 481 1559 ad
523 1523 711 1559 Minervae
744 1532 854 1568 opera
887 1523 1011 1559 minus
1036 1525 1146 1568 aptae
1172 1523 1238 1559 sed
1264 1523 1431 1560 virilibus
1456 1524 1591 1560 animis

287 1580 346 1627 et'
364 1591 501 1627 studiis
538 1591 704 1627 imbutae
737 1591 839 1636 ipsae
873 1600 933 1627 res
957 1591 1121 1636 publicas
1146 1601 1253 1636 agere
1278 1594 1317 1627 et
1341 1602 1449 1636 agros
1474 1593 1590 1629 colere

289 1658 457 1695 solebant
482 1658 529 1704 2),
555 1658 669 1694 donec
689 1667 772 1704 eas,
798 1668 844 1694 ne
869 1659 1027 1694 Thraces
1051 1660 1403 1705 appropinquarent,
1429 1660 1588 1706 veritas,⁷

289 1729 589 1772 Argonautarum
615 1727 799 1763 adventus
825 1737 971 1763 summo
996 1729 1135 1763 terrore
1148 1728 1283 1763 affecit.
1298 1727 1396 1771 Quas
1409 1728 1454 1763 de
1468 1728 1588 1765 salute

332 1843 362 1882 1)
388 1843 433 1875 Cf.
454 1843 568 1875 Versus
591 1842 655 1874 614
679 1843 741 1871 ἐπεὶ
760 1845 848 1879 χόλος
865 1844 938 1876 αἰνὸς
953 1843 1062 1880 ’ὄπαζεν
1082 1843 1230 1879 Κύπριδος,
1249 1844 1347 1872 οὕνεκά
1367 1855 1412 1879 μιν
1433 1845 1540 1880 »γεράων
1549 1845 1596 1874 ἐπὶ

280 1902 357 1938 δηρὸν
373 1903 504 1930 ἄτισσαν.
531 1901 652 1933 Poetico
674 1901 796 1940 ingenio
817 1900 965 1932 adductus
988 1910 1111 1932 causam
1133 1901 1219 1932 illam
1242 1901 1399 1933 fastidium
1422 1904 1590 1934 moventem

283 1962 314 1992 et
335 1962 465 1992 taetram
488 1959 609 1992 silentio
631 1959 787 2000 praeteriit
809 1959 1042 1991 Alexandrinus.
1070 1959 1103 1991 of
1121 1959 1218 1991 schol.
1242 1959 1275 1991 in
1296 1960 1357 2000 Ap.
1379 1960 1437 1992 Rh.
1452 1960 1469 1992 1
1494 1972 1502 1992 :
1526 1961 1590 1993 615

278 2016 333 2044 τῶν
352 2016 383 2044 δὲ
402 2017 499 2045 ἄλλων
518 2015 715 2051 ἱστορούντων,
735 2015 779 2043 ὅτι
798 2016 875 2043 κατὰ
894 2017 983 2050 χόλον
1001 2017 1051 2047 τῆς
1069 2015 1275 2050 'Ampulla-‘neae‘
1289 2016 1446 2051 Λημνιάδες
1455 2017 1590 2052 δύσοσμοι

279 2067 419 2103 ἐγίνοντο,
446 2069 586 2103 Μυρσίλος
616 2067 643 2095 ἐν
670 2066 767 2102 πρώτῳ
789 2067 939 2101 Λεσβικιῦν
960 2065 1121 2101 διαφέρεται
1141 2068 1194 2094 καί
1208 2070 1277 2102 φησι
1298 2067 1348 2099 τῆν
1367 2066 1488 2100 Μήδειαν
1506 2077 1594 2103 παρα-

277 2121 419 2147 πλεόντων
438 2119 484 2147 δια
503 2119 680 2155 ζηλοτυπίαν
699 2118 778 2154 ῥῖψαι
797 2118 836 2150 εἷς
855 2118 905 2150 τῆν
924 2119 1035 2152 Λῆμνον
1055 2117 1197 2153 Φάρμακον
1215 2118 1263 2146 καὶ
1285 2117 1437 2153 δυσοσμίαν
1457 2119 1593 2154 ’γενέσθαι

278 2175 342 2205 ταῖς
360 2174 496 2208 γυναιξίν.
530 2172 730 2212 Apollodorus
752 2172 785 2203 in
807 2171 997 2203 Bibliotheca
1021 2171 1038 2202 1
1063 2180 1072 2202 ε
1097 2170 1118 2201 9
1141 2182 1149 2203 :
1174 2171 1215 2202 17
1238 2171 1363 2203 eandem
1385 2171 1590 2205 insulsitatem

282 2231 405 2271 profert.

327 2290 360 2330 2)
394 2290 440 2322 Cf.
462 2291 522 2331 Ap.
545 2290 642 2322 Rhod.
665 2289 857 2328 627—631‚
881 2299 959 2330 quae
981 2290 1091 2321 harum
1113 2290 1276 2321 mulierum
1298 2290 1418 2330 propria
1436 2291 1588 2322 nonreote

281 2348 383 2380 omisit
404 2349 555 2381 Valerius.
