1874 2826
902 227 949 297 ,71

280 326 437 400 Valerii
436 365 602 402 carmine
607 323 788 411 Wagner
806 366 886 423 ipse
888 328 1205 413 (commentarius
1217 364 1440 409 perpetuus,
1457 361 1578 410 1805),

203 459 206 460 γ
268 425 504 483 'quamquam'
529 434 661 477 ubique
678 421 883 486 admodum
908 443 993 469 eum
1016 423 1187 477 miratur,
1214 440 1446 475 supervacua
1470 433 1509 466 et
1532 432 1578 466 ab

199 538 201 540 ,
226 551 229 552 ⁷
255 550 258 552 v
279 500 521 544 argumento
533 494 652 536 aliena
689 484 1001 537 iudicat.10nis
1012 509 1074 536 res
1098 500 1275 536 adversas
1301 500 1341 535 et
1365 507 1508 535 errores
1532 498 1578 535 ab

222 555 229 571 ⁵
277 566 406 604 Ovidio
441 569 480 604 in
504 569 643 605 Metam
669 570 692 604 4
719 580 728 603 :
755 569 948 605 568-748
972 570 1108 606 festive
1133 573 1173 605 et
1197 569 1348 614 pulchre
1372 567 1577 611 descriptos

278 643 395 680 neque
430 636 538 672 auxit
561 636 731 673 Valerius
755 646 875 681 neque
900 638 1099 682 superavit.
1135 637 1308 673 Incusare
1334 635 1448 672 velim
1475 634 1577 670 Flac-

270 712 364 740 ·cum
399 704 496 748 quod
527 705 664 740 bonum
697 706 908 750 exemplum
940 706 1140 741 immutare
1164 714 1280 741 ausus
1305 706 1366 740 est
1391 703 1576 740 Ciceronis

277 770 365 806 illud
390 770 450 817 (de
476 773 566 807 orat.
595 773 614 807 1
643 782 651 805 :
679 771 740 818 34)
765 772 920 814 oblitus,
945 773 1009 808 ubi
1032 773 1187 825 Crassus
1210 773 1345 808 docens
1369 772 1574 808 illustribus

274 837 459 882 exemplis
478 838 667 874 vertendis
687 839 747 875 vel
769 839 953 875 variandis
973 840 1172 883 periculum
1186 841 1338 876 subesse
1351 849 1417 884 ne,
1443 840 1476 876 si
1489 840 1573 884 quis

276 905 416 941 eisdem
453 906 576 942 verbis
613 908 796 947 uteretur,
831 905 923 941 nihil
955 906 1042 942 novi
1067 907 1253 951 proderet,
1279 907 1312 942 si
1336 907 1430 952 aliis,
1457 907 1572 943 etiam

275 974 442 1018 obesset,
469 983 554 1009 cum
580 974 705 1010 minus
728 974 869 1010 idoneis
894 974 950 1009 uti
978 975 1243 1010 consuesceret.
1282 975 1572 1011 Anachronismo

276 1041 366 1077 duro
390 1041 527 1077 labitur
549 1042 739 1086 Valerius,
764 1042 861 1086 quod
885 1043 994 1077 vates
1014 1042 1133 1086 prima
1153 1043 1277 1077 carina
1289 1031 1429 1077 vehens
1441 1043 1573 1078 miram

275 1109 322 1144 de
345 1110 510 1154 Aegypti
534 1111 685 1146 urbibus
709 1112 750 1146 et
772 1111 862 1146 locis
886 1110 1081 1146 scientiam
1106 1110 1254 1154 profert.

324 1176 545 1221 Apollonius
576 1178 831 1223 Argonautas,
867 1178 1005 1223 partim
1037 1178 1268 1222 colonorum,
1302 1177 1441 1222 partim
1474 1177 1575 1213 lenes

276 1254 398 1281 mores
435 1248 475 1282 et
506 1245 717 1290 disciplinae
749 1246 1004 1290 libertatisque
1036 1246 1157 1282 lucem
1190 1235 1424 1282 afferentium
1449 1248 1575 1291 partes

273 1316 445 1358 agenteS,
485 1314 523 1349 in
559 1314 745 1358 regionem
782 1313 975 1367 Thyneam
988 1323 1148 1358 ¹navem
1166 1304 1168 1306 V
1184 1313 1370 1358 appulisse
1406 1314 1575 1349 versibus

280 1382 347 1418 178
381 1391 458 1426 seq.
483 1383 620 1418 narrat.
651 1382 852 1427 Phineum,
885 1382 984 1418 love>
1003 1381 1123 1418 invito
1148 1381 1272 1418 omnia
1295 1381 1421 1418 futura
1443 1390 1574 1418 canere

271 1459 426 1494 ausum,
451 1450 543 1486 lucis
567 1452 740 1495 egentem
764 1453 804 1486 et
817 1452 937 1486 morte
958 1450 1202 1494 destitutum,
1225 1449 1363 1485 Boreae
1383 1449 1447 1485 filii
1459 1450 1571 1486 Zetes

273 1519 315 1553 et
338 1516 458 1553 Calais
477 1513 725 1554 liberaverunt
737 1517 826 1553 diris
838 1520 878 1554 et
895 1517 1027 1554 taetris
1039 1506 1234 1562 Harpyiis,
1250 1518 1321 1562 ,qui
1333 1527 1463 1554 omnes
1476 1518 1573 1554 cibos

273 1586 469 1622 foedabant
500 1587 539 1621 et
563 1573 714 1622 tantum
739 1586 846 1622 modo
870 1585 1054 1631 reliquum
1078 1585 1282 1644 faciebant,
1307 1595 1381 1630 quo
1405 1581 1583 1644 senectu-'

274 1656 354 1690 tem
379 1653 627 1690 miserrimam
651 1654 804 1707 trahere
822 1656 949 1711 posset
977 1654 1086 1699 1).

322 1722 445 1758 Alites
466 1723 621 1762 iuvenes
640 1704 817 1773 sublimes
836 1723 994 1758 insecuti
1014 1723 1110 1758 sunt
1123 1717 1214 1758 aves
1228 1731 1344 1766 usque
1356 1706 1405 1758 ad
1417 1700 1570 1764 insulas,

271 1790 408 1834 quibus
432 1774 667 1834 Strophades
683 1799 819 1826 nomen
839 1790 969 1826 datum
990 1791 1068 1831 est,
1093 1790 1202 1834 quod·
1214 1789 1290 1826 Iris
1309 1799 1332 1825 a
1352 1789 1439 1825 Iove
1458 1789 1570 1825 missa

273 1859 428 1894 iuvenes
451 1858 502 1894 ibi
526 1860 671 1894 vertere
682 1859 863 1894 iusserat
889 1867 983 1903 quae
995 1858 1192 1928 explicatio
1203 1858 1402 1906 admodum
1415 1857 1570 1911 Alexan·

271 1926 378 1963 drina
402 1928 472 1963 est.
524 1929 535 1941 ²
1207 1956 1211 1958 ,
1233 1934 1234 1937 ’
1326 1934 1329 1936 ·

322 1995 552 2040 Quamquam
578 1993 753 2030 Valerius
771 1984 1011 2039 Apollonium.
1031 1994 1202 2030 imitatus
1227 2003 1300 2047 non
1326 1993 1430 2042 longe
1455 1992 1502 2027 ab
1526 2000 1570 2027 eo

272 2063 446 2109 recessit,
481 2065 609 2099 tamen
635 2062 889 2105 inveniuntur,
926 2062 1059 2107 quibus
1083 2061 1231 2107 ingenia
1255 2064 1293 2097 et
1318 2059 1455 2101 indoles
1481 2060 1571 2099 utri-

269 2223 270 2226 ’
316 2223 348 2262 1)
360 2222 466 2255 Iuhoc
476 2220 643 2255 enarrando
653 2221 854 2264 Apollodorus
865 2224 903 2256 ab
914 2224 978 2264 Ap.
986 2214 1083 2255 Rhod.
1094 2223 1251 2267 discrepat.
1264 2213 1344 2252 Bibl.
1359 2221 1377 2252 1
1390 2232 1397 2253 :
1412 2221 1432 2253 9
1445 2219 1527 2253 [211
1542 2221 1572 2254 7.

268 2287 281 2291 “
314 2281 464 2319 Diodorus
497 2282 700 2327 narrationem
731 2283 821 2323 longe
854 2282 1003 2314 diversam
1020 2281 1205 2322 ‘profert-IV
1229 2291 1236 2311 :
1259 2278 1281 2310 4
1304 2291 1312 2311 t
1335 2279 1378 2311 43
1403 2291 1410 2311 ε
1434 2280 1454 2311 3
1477 2279 1573 2312 et‘44

267 2342 301 2372 et
322 2339 472 2380 imprimis
493 2339 515 2370 4
538 2351 546 2371 :
569 2340 614 2372 44
636 2351 644 2372 :
667 2340 698 2372 5.
