<?xml version="1.0" encoding="UTF-8"?>
<!DOCTYPE html PUBLIC "-//W3C//DTD XHTML 1.0 Transitional//EN"
    "http://www.w3.org/TR/xhtml1/DTD/xhtml1-transitional.dtd">
<html xmlns="http://www.w3.org/1999/xhtml" xml:lang="en" lang="en">
 <head>
  <title>
</title>
<meta http-equiv="Content-Type" content="text/html;charset=utf-8" />
  <meta name='ocr-system' content='tesseract 3.04.00' />
  <meta name='ocr-capabilities' content='ocr_page ocr_carea ocr_par ocr_line ocrx_word'/>
</head>
<body>
  <div class='ocr_page' id='page_1' title='image "4737390_0020.png"; bbox 0 0 1874 2826; ppageno 0'>
   <div class='ocr_carea' id='block_1_1' title="bbox 934 294 957 329">
    <p class='ocr_par' dir='ltr' id='par_1_1' title="bbox 934 294 957 329">
     <span class='ocr_line' id='line_1_1' title="bbox 934 294 957 329; baseline 0 0"><span class='ocrx_word' id='word_1_1' title='bbox 934 294 957 329; x_wconf 90' lang='lat'>6</span> 
     </span>
    </p>
   </div>
   <div class='ocr_carea' id='block_1_2' title="bbox 284 399 1599 923">
    <p class='ocr_par' dir='ltr' id='par_1_2' title="bbox 284 399 1599 923">
     <span class='ocr_line' id='line_1_2' title="bbox 296 399 1598 446; baseline 0.002 -11"><span class='ocrx_word' id='word_1_2' title='bbox 296 399 478 446; x_wconf 87' lang='lat' dir='ltr'>coloniae,</span> <span class='ocrx_word' id='word_1_3' title='bbox 512 409 606 445; x_wconf 88' lang='lat' dir='ltr'>quae</span> <span class='ocrx_word' id='word_1_4' title='bbox 631 399 845 444; x_wconf 83' lang='lat' dir='ltr'>metropolis</span> <span class='ocrx_word' id='word_1_5' title='bbox 869 399 1049 436; x_wconf 84' lang='lat' dir='ltr'>invidiam</span> <span class='ocrx_word' id='word_1_6' title='bbox 1074 401 1278 446; x_wconf 86' lang='lat' dir='ltr'>moverint,</span> <span class='ocrx_word' id='word_1_7' title='bbox 1300 403 1340 437; x_wconf 88' lang='lat' dir='ltr'>et</span> <span class='ocrx_word' id='word_1_8' title='bbox 1365 401 1598 446; x_wconf 88' lang='lat' dir='ltr'>splendidum</span> 
     </span>
     <span class='ocr_line' id='line_1_3' title="bbox 284 467 1598 517; baseline 0.002 -13"><span class='ocrx_word' id='word_1_9' title='bbox 284 468 386 504; x_wconf 67' lang='lat' dir='ltr'>&#39;illud</span> <span class='ocrx_word' id='word_1_10' title='bbox 410 469 610 505; x_wconf 89' lang='lat' dir='ltr'>anathema</span> <span class='ocrx_word' id='word_1_11' title='bbox 636 478 658 504; x_wconf 88' lang='lat' dir='ltr'>a</span> <span class='ocrx_word' id='word_1_12' title='bbox 683 467 776 504; x_wconf 85' lang='lat' dir='ltr'>Solis</span> <span class='ocrx_word' id='word_1_13' title='bbox 801 468 875 504; x_wconf 91' lang='lat' dir='ltr'>filio</span> <span class='ocrx_word' id='word_1_14' title='bbox 895 468 1017 504; x_wconf 86' lang='lat' dir='ltr'><strong>Aeeta</strong></span> <span class='ocrx_word' id='word_1_15' title='bbox 1042 469 1272 506; x_wconf 88' lang='lat' dir='ltr'>custoditum</span> <span class='ocrx_word' id='word_1_16' title='bbox 1293 469 1340 505; x_wconf 86' lang='lat' dir='ltr'>ad</span> <span class='ocrx_word' id='word_1_17' title='bbox 1360 469 1542 507; x_wconf 81' lang='lat' dir='ltr'>orientem</span> <span class='ocrx_word' id='word_1_18' title='bbox 1562 470 1598 517; x_wconf 90' lang='lat'>1)</span> 
     </span>
     <span class='ocr_line' id='line_1_4' title="bbox 296 536 1599 584; baseline 0.002 -12"><span class='ocrx_word' id='word_1_19' title='bbox 296 545 462 582; x_wconf 90' lang='lat' dir='ltr'>quoque,</span> <span class='ocrx_word' id='word_1_20' title='bbox 499 536 593 573; x_wconf 87' lang='lat' dir='ltr'>Solis</span> <span class='ocrx_word' id='word_1_21' title='bbox 621 545 797 581; x_wconf 87' lang='lat' dir='ltr'>regnum,</span> <span class='ocrx_word' id='word_1_22' title='bbox 831 536 1037 582; x_wconf 86' lang='lat' dir='ltr'>pertinere,</span> <span class='ocrx_word' id='word_1_23' title='bbox 1068 536 1123 583; x_wconf 90' lang='lat' dir='ltr'>is,</span> <span class='ocrx_word' id='word_1_24' title='bbox 1148 537 1211 582; x_wconf 87' lang='lat' dir='ltr'>qui</span> <span class='ocrx_word' id='word_1_25' title='bbox 1235 537 1376 584; x_wconf 83' lang='lat' dir='ltr'><strong>mythis</strong></span> <span class='ocrx_word' id='word_1_26' title='bbox 1401 539 1441 574; x_wconf 87' lang='lat' dir='ltr'>et</span> <span class='ocrx_word' id='word_1_27' title='bbox 1465 537 1599 575; x_wconf 84' lang='lat' dir='ltr'>fabulis</span> 
     </span>
     <span class='ocr_line' id='line_1_5' title="bbox 295 605 1472 650; baseline 0.002 -10"><span class='ocrx_word' id='word_1_28' title='bbox 295 605 557 650; x_wconf 82' lang='lat' dir='ltr'>perspiciendis</span> <span class='ocrx_word' id='word_1_29' title='bbox 589 614 740 650; x_wconf 87' lang='lat' dir='ltr'>operam</span> <span class='ocrx_word' id='word_1_30' title='bbox 766 605 927 647; x_wconf 80' lang='lat' dir='ltr'>dederit,</span> <span class='ocrx_word' id='word_1_31' title='bbox 955 605 1116 642; x_wconf 85' lang='lat' dir='ltr'>fortasse</span> <span class='ocrx_word' id='word_1_32' title='bbox 1141 615 1289 643; x_wconf 90' lang='lat' dir='ltr'>mecum</span> <span class='ocrx_word' id='word_1_33' title='bbox 1316 607 1472 642; x_wconf 86' lang='lat' dir='ltr'>statuet.</span> 
     </span>
     <span class='ocr_line' id='line_1_6' title="bbox 346 673 1598 719; baseline 0.001 -10"><span class='ocrx_word' id='word_1_34' title='bbox 346 673 594 718; x_wconf 82' lang='lat' dir='ltr'>Mythologiae</span> <span class='ocrx_word' id='word_1_35' title='bbox 606 675 734 709; x_wconf 89' lang='lat' dir='ltr'>autem</span> <span class='ocrx_word' id='word_1_36' title='bbox 746 673 935 718; x_wconf 89' lang='lat' dir='ltr'>proprium</span> <span class='ocrx_word' id='word_1_37' title='bbox 948 675 1008 709; x_wconf 87' lang='lat' dir='ltr'>est</span> <span class='ocrx_word' id='word_1_38' title='bbox 1022 674 1066 709; x_wconf 89' lang='lat' dir='ltr'>ut</span> <span class='ocrx_word' id='word_1_39' title='bbox 1079 683 1135 719; x_wconf 87' lang='lat' dir='ltr'>ea,</span> <span class='ocrx_word' id='word_1_40' title='bbox 1151 683 1246 719; x_wconf 85' lang='lat' dir='ltr'>quae</span> <span class='ocrx_word' id='word_1_41' title='bbox 1260 673 1435 710; x_wconf 78' lang='lat' dir='ltr'>notabilia</span> <span class='ocrx_word' id='word_1_42' title='bbox 1447 673 1598 710; x_wconf 83' lang='lat' dir='ltr'>fuerunt</span> 
     </span>
     <span class='ocr_line' id='line_1_7' title="bbox 296 741 1597 787; baseline 0.001 -10"><span class='ocrx_word' id='word_1_43' title='bbox 296 751 464 785; x_wconf 90' lang='lat' dir='ltr'>quaeque</span> <span class='ocrx_word' id='word_1_44' title='bbox 489 750 555 786; x_wconf 91' lang='lat' dir='ltr'>per</span> <span class='ocrx_word' id='word_1_45' title='bbox 579 741 754 777; x_wconf 86' lang='lat' dir='ltr'>nonnulla</span> <span class='ocrx_word' id='word_1_46' title='bbox 779 741 925 777; x_wconf 85' lang='lat' dir='ltr'>saecula</span> <span class='ocrx_word' id='word_1_47' title='bbox 949 751 1042 786; x_wconf 89' lang='lat' dir='ltr'>gens</span> <span class='ocrx_word' id='word_1_48' title='bbox 1067 742 1191 787; x_wconf 88' lang='lat' dir='ltr'>aliqua</span> <span class='ocrx_word' id='word_1_49' title='bbox 1215 743 1333 779; x_wconf 79' lang='lat' dir='ltr'>facere</span> <span class='ocrx_word' id='word_1_50' title='bbox 1345 742 1454 778; x_wconf 86' lang='lat' dir='ltr'>solita</span> <span class='ocrx_word' id='word_1_51' title='bbox 1466 742 1597 787; x_wconf 86' lang='lat' dir='ltr'>fuerit,</span> 
     </span>
     <span class='ocr_line' id='line_1_8' title="bbox 296 809 1598 855; baseline 0.002 -11"><span class='ocrx_word' id='word_1_52' title='bbox 296 809 334 844; x_wconf 91' lang='lat' dir='ltr'>in</span> <span class='ocrx_word' id='word_1_53' title='bbox 367 818 484 844; x_wconf 90' lang='lat' dir='ltr'>unum</span> <span class='ocrx_word' id='word_1_54' title='bbox 521 809 734 854; x_wconf 89' lang='lat' dir='ltr'>exemplum</span> <span class='ocrx_word' id='word_1_55' title='bbox 771 809 967 845; x_wconf 83' lang='lat' dir='ltr'>contrahat</span> <span class='ocrx_word' id='word_1_56' title='bbox 1000 810 1040 845; x_wconf 88' lang='lat' dir='ltr'>et</span> <span class='ocrx_word' id='word_1_57' title='bbox 1075 810 1242 855; x_wconf 88' lang='lat' dir='ltr'>neglecta</span> <span class='ocrx_word' id='word_1_58' title='bbox 1279 819 1404 846; x_wconf 89' lang='lat' dir='ltr'>rerum</span> <span class='ocrx_word' id='word_1_59' title='bbox 1438 810 1598 846; x_wconf 87' lang='lat' dir='ltr'>veritate</span> 
     </span>
     <span class='ocr_line' id='line_1_9' title="bbox 297 878 1599 923; baseline 0.002 -10"><span class='ocrx_word' id='word_1_60' title='bbox 297 878 465 914; x_wconf 88' lang='lat' dir='ltr'>homines</span> <span class='ocrx_word' id='word_1_61' title='bbox 486 878 587 922; x_wconf 90' lang='lat' dir='ltr'>ipsos</span> <span class='ocrx_word' id='word_1_62' title='bbox 610 887 811 922; x_wconf 89' lang='lat' dir='ltr'>eorumque</span> <span class='ocrx_word' id='word_1_63' title='bbox 832 887 956 914; x_wconf 89' lang='lat' dir='ltr'>mores</span> <span class='ocrx_word' id='word_1_64' title='bbox 976 878 1194 915; x_wconf 85' lang='lat' dir='ltr'>illustriores</span> <span class='ocrx_word' id='word_1_65' title='bbox 1215 879 1337 915; x_wconf 87' lang='lat' dir='ltr'>faciat.</span> <span class='ocrx_word' id='word_1_66' title='bbox 1364 878 1443 923; x_wconf 82' lang='lat' dir='ltr'>Qua</span> <span class='ocrx_word' id='word_1_67' title='bbox 1456 879 1599 915; x_wconf 89' lang='lat' dir='ltr'>ratione</span> 
     </span>
    </p>
   </div>
   <div class='ocr_carea' id='block_1_3' title="bbox 273 940 509 947">
    <p class='ocr_par' dir='ltr' id='par_1_3' title="bbox 273 940 509 947">
     <span class='ocr_line' id='line_1_10' title="bbox 273 940 509 947; baseline 0 0"><span class='ocrx_word' id='word_1_68' title='bbox 273 940 509 947; x_wconf 95' lang='lat' dir='ltr'> </span> 
     </span>
    </p>
   </div>
   <div class='ocr_carea' id='block_1_4' title="bbox 295 965 1601 1065">
    <p class='ocr_par' dir='ltr' id='par_1_4' title="bbox 295 965 1601 1065">
     <span class='ocr_line' id='line_1_11' title="bbox 295 965 1601 1006; baseline 0.001 -9"><span class='ocrx_word' id='word_1_69' title='bbox 295 965 447 998; x_wconf 86' lang='lat' dir='ltr'>Oneirocr.</span> <span class='ocrx_word' id='word_1_70' title='bbox 482 966 517 997; x_wconf 93' lang='lat' dir='ltr'>II</span> <span class='ocrx_word' id='word_1_71' title='bbox 540 978 548 998; x_wconf 72' lang='grc' dir='ltr'><strong><em>ε</em></strong></span> <span class='ocrx_word' id='word_1_72' title='bbox 573 966 637 998; x_wconf 78' lang='grc'>154</span> <span class='ocrx_word' id='word_1_73' title='bbox 669 968 700 998; x_wconf 91' lang='lat' dir='ltr'>et</span> <span class='ocrx_word' id='word_1_74' title='bbox 732 966 814 997; x_wconf 86' lang='lat' dir='ltr'>Paus</span> <span class='ocrx_word' id='word_1_75' title='bbox 847 966 894 996; x_wconf 89' lang='lat' dir='ltr'>IX</span> <span class='ocrx_word' id='word_1_76' title='bbox 916 977 924 997; x_wconf 72' lang='grc' dir='ltr'>ε</span> <span class='ocrx_word' id='word_1_77' title='bbox 949 965 971 997; x_wconf 89' lang='lat' dir='ltr'>C</span> <span class='ocrx_word' id='word_1_78' title='bbox 993 965 1036 996; x_wconf 86' lang='lat'>22</span> <span class='ocrx_word' id='word_1_79' title='bbox 1071 965 1120 1006; x_wconf 89' lang='lat' dir='ltr'>(de</span> <span class='ocrx_word' id='word_1_80' title='bbox 1153 966 1301 998; x_wconf 80' lang='lat' dir='ltr'>Mercurio</span> <span class='ocrx_word' id='word_1_81' title='bbox 1323 968 1453 1002; x_wconf 72' lang='grc' dir='ltr'>κριοφόρῳ</span> <span class='ocrx_word' id='word_1_82' title='bbox 1476 967 1601 1006; x_wconf 85' lang='lat' dir='ltr'>patrono</span> 
     </span>
     <span class='ocr_line' id='line_1_12' title="bbox 297 1024 1600 1065; baseline -0.001 -8"><span class='ocrx_word' id='word_1_83' title='bbox 297 1025 463 1065; x_wconf 84' lang='lat' dir='ltr'>pecudum,</span> <span class='ocrx_word' id='word_1_84' title='bbox 493 1025 600 1057; x_wconf 87' lang='lat' dir='ltr'>deinde</span> <span class='ocrx_word' id='word_1_85' title='bbox 625 1025 770 1065; x_wconf 87' lang='lat' dir='ltr'>pecuniae</span> <span class='ocrx_word' id='word_1_86' title='bbox 799 1026 829 1056; x_wconf 92' lang='lat' dir='ltr'>et</span> <span class='ocrx_word' id='word_1_87' title='bbox 855 1024 1070 1064; x_wconf 80' lang='lat' dir='ltr'>mercaturae),</span> <span class='ocrx_word' id='word_1_88' title='bbox 1100 1024 1292 1065; x_wconf 81' lang='lat' dir='ltr'>Tarquitium</span> <span class='ocrx_word' id='word_1_89' title='bbox 1314 1025 1414 1057; x_wconf 86' lang='lat' dir='ltr'>vatem</span> <span class='ocrx_word' id='word_1_90' title='bbox 1437 1025 1600 1057; x_wconf 82' lang='lat' dir='ltr'>Etruscum</span> 
     </span>
    </p>
   </div>
   <div class='ocr_carea' id='block_1_5' title="bbox 257 1083 778 1116">
    <p class='ocr_par' dir='ltr' id='par_1_5' title="bbox 257 1083 778 1116">
     <span class='ocr_line' id='line_1_13' title="bbox 257 1083 778 1116; baseline 0 -2"><span class='ocrx_word' id='word_1_91' title='bbox 257 1088 263 1095; x_wconf 79' lang='lat'><strong>‘</strong></span> <span class='ocrx_word' id='word_1_92' title='bbox 297 1083 331 1115; x_wconf 89' lang='lat' dir='ltr'>in</span> <span class='ocrx_word' id='word_1_93' title='bbox 353 1083 504 1116; x_wconf 83' lang='lat' dir='ltr'>Macrobio</span> <span class='ocrx_word' id='word_1_94' title='bbox 526 1083 648 1115; x_wconf 87' lang='lat' dir='ltr'>Saturn.</span> <span class='ocrx_word' id='word_1_95' title='bbox 671 1084 692 1114; x_wconf 90' lang='lat'><strong>3</strong></span> <span class='ocrx_word' id='word_1_96' title='bbox 715 1095 723 1115; x_wconf 73' lang='grc' dir='ltr'>ε</span> <span class='ocrx_word' id='word_1_97' title='bbox 748 1084 778 1115; x_wconf 83' lang='grc'>7.</span> 
     </span>
    </p>
   </div>
   <div class='ocr_carea' id='block_1_6' title="bbox 293 1141 1602 2172">
    <p class='ocr_par' dir='ltr' id='par_1_6' title="bbox 294 1141 1602 1531">
     <span class='ocr_line' id='line_1_14' title="bbox 339 1141 1602 1181; baseline 0.001 -8"><span class='ocrx_word' id='word_1_98' title='bbox 339 1141 539 1181; x_wconf 84' lang='lat' dir='ltr'>Sagacissime</span> <span class='ocrx_word' id='word_1_99' title='bbox 571 1142 755 1173; x_wconf 85' lang='lat' dir='ltr'>demonstrat</span> <span class='ocrx_word' id='word_1_100' title='bbox 788 1142 943 1174; x_wconf 87' lang='lat' dir='ltr'>Weichert</span> <span class='ocrx_word' id='word_1_101' title='bbox 970 1142 1049 1173; x_wconf 87' lang='lat' dir='ltr'>hanc</span> <span class='ocrx_word' id='word_1_102' title='bbox 1079 1142 1214 1173; x_wconf 86' lang='lat' dir='ltr'>fabulam</span> <span class='ocrx_word' id='word_1_103' title='bbox 1236 1151 1297 1173; x_wconf 90' lang='lat' dir='ltr'>non</span> <span class='ocrx_word' id='word_1_104' title='bbox 1318 1143 1453 1181; x_wconf 83' lang='lat' dir='ltr'>spectare</span> <span class='ocrx_word' id='word_1_105' title='bbox 1474 1143 1513 1174; x_wconf 90' lang='lat' dir='ltr'>ad</span> <span class='ocrx_word' id='word_1_106' title='bbox 1535 1143 1602 1174; x_wconf 88' lang='lat' dir='ltr'>the·</span> 
     </span>
     <span class='ocr_line' id='line_1_15' title="bbox 294 1199 1601 1240; baseline 0.001 -9"><span class='ocrx_word' id='word_1_107' title='bbox 294 1208 402 1231; x_wconf 89' lang='lat' dir='ltr'>sauros</span> <span class='ocrx_word' id='word_1_108' title='bbox 420 1200 451 1231; x_wconf 93' lang='lat' dir='ltr'>in</span> <span class='ocrx_word' id='word_1_109' title='bbox 474 1200 547 1231; x_wconf 91' lang='lat' dir='ltr'>solis</span> <span class='ocrx_word' id='word_1_110' title='bbox 568 1200 689 1239; x_wconf 86' lang='lat' dir='ltr'>regione</span> <span class='ocrx_word' id='word_1_111' title='bbox 713 1200 866 1240; x_wconf 85' lang='lat' dir='ltr'>inventos,</span> <span class='ocrx_word' id='word_1_112' title='bbox 889 1200 964 1240; x_wconf 89' lang='lat' dir='ltr'>quia</span> <span class='ocrx_word' id='word_1_113' title='bbox 982 1200 1103 1232; x_wconf 84' lang='lat' dir='ltr'>fabulae</span> <span class='ocrx_word' id='word_1_114' title='bbox 1115 1199 1212 1240; x_wconf 90' lang='lat' dir='ltr'>ipsius</span> <span class='ocrx_word' id='word_1_115' title='bbox 1226 1201 1440 1240; x_wconf 84' lang='lat' dir='ltr'>argumentum</span> <span class='ocrx_word' id='word_1_116' title='bbox 1451 1200 1492 1232; x_wconf 88' lang='lat' dir='ltr'>sit</span> <span class='ocrx_word' id='word_1_117' title='bbox 1503 1200 1601 1232; x_wconf 90' lang='lat' dir='ltr'>vellus</span> 
     </span>
     <span class='ocr_line' id='line_1_16' title="bbox 295 1257 1599 1298; baseline -0.001 -8"><span class='ocrx_word' id='word_1_118' title='bbox 295 1267 312 1289; x_wconf 91' lang='lat' dir='ltr'>e</span> <span class='ocrx_word' id='word_1_119' title='bbox 346 1258 517 1296; x_wconf 84' lang='lat' dir='ltr'>Thessalia,</span> <span class='ocrx_word' id='word_1_120' title='bbox 548 1258 720 1298; x_wconf 85' lang='lat' dir='ltr'>Minyarum</span> <span class='ocrx_word' id='word_1_121' title='bbox 742 1258 877 1298; x_wconf 86' lang='lat' dir='ltr'>regione,</span> <span class='ocrx_word' id='word_1_122' title='bbox 902 1258 935 1290; x_wconf 89' lang='lat' dir='ltr'>in</span> <span class='ocrx_word' id='word_1_123' title='bbox 958 1258 1103 1290; x_wconf 85' lang='lat' dir='ltr'>orientem</span> <span class='ocrx_word' id='word_1_124' title='bbox 1125 1259 1379 1298; x_wconf 86' lang='lat' dir='ltr'>transportatum,</span> <span class='ocrx_word' id='word_1_125' title='bbox 1404 1257 1485 1298; x_wconf 87' lang='lat' dir='ltr'>quod</span> <span class='ocrx_word' id='word_1_126' title='bbox 1507 1258 1599 1290; x_wconf 88' lang='lat' dir='ltr'>Iason</span> 
     </span>
     <span class='ocr_line' id='line_1_17' title="bbox 295 1316 1601 1356; baseline -0.001 -8"><span class='ocrx_word' id='word_1_127' title='bbox 295 1325 365 1348; x_wconf 86' lang='lat' dir='ltr'>cum</span> <span class='ocrx_word' id='word_1_128' title='bbox 398 1316 487 1348; x_wconf 86' lang='lat' dir='ltr'>sociis</span> <span class='ocrx_word' id='word_1_129' title='bbox 521 1317 677 1348; x_wconf 85' lang='lat' dir='ltr'>revexerit.</span> <span class='ocrx_word' id='word_1_130' title='bbox 709 1316 788 1348; x_wconf 81' lang='lat' dir='ltr'>Item</span> <span class='ocrx_word' id='word_1_131' title='bbox 811 1316 901 1348; x_wconf 88' lang='lat' dir='ltr'>draco</span> <span class='ocrx_word' id='word_1_132' title='bbox 922 1318 954 1348; x_wconf 90' lang='lat' dir='ltr'>et</span> <span class='ocrx_word' id='word_1_133' title='bbox 976 1316 1097 1354; x_wconf 88' lang='lat' dir='ltr'>dentes,</span> <span class='ocrx_word' id='word_1_134' title='bbox 1122 1325 1199 1356; x_wconf 88' lang='lat' dir='ltr'>quae</span> <span class='ocrx_word' id='word_1_135' title='bbox 1222 1316 1338 1348; x_wconf 88' lang='lat' dir='ltr'>semina</span> <span class='ocrx_word' id='word_1_136' title='bbox 1360 1316 1499 1348; x_wconf 88' lang='lat' dir='ltr'>horrifica</span> <span class='ocrx_word' id='word_1_137' title='bbox 1521 1316 1601 1348; x_wconf 89' lang='lat' dir='ltr'>viros</span> 
     </span>
     <span class='ocr_line' id='line_1_18' title="bbox 294 1375 1601 1415; baseline 0 -9"><span class='ocrx_word' id='word_1_138' title='bbox 294 1377 427 1407; x_wconf 77' lang='lat' dir='ltr'>armatos</span> <span class='ocrx_word' id='word_1_139' title='bbox 447 1377 627 1415; x_wconf 70' lang='lat' dir='ltr'>genuerunt,</span> <span class='ocrx_word' id='word_1_140' title='bbox 651 1375 793 1407; x_wconf 81' lang='lat' dir='ltr'>Boeotica</span> <span class='ocrx_word' id='word_1_141' title='bbox 815 1375 963 1407; x_wconf 86' lang='lat' dir='ltr'>elementa</span> <span class='ocrx_word' id='word_1_142' title='bbox 986 1377 1059 1406; x_wconf 89' lang='lat' dir='ltr'>sunt</span> <span class='ocrx_word' id='word_1_143' title='bbox 1081 1375 1113 1406; x_wconf 90' lang='lat' dir='ltr'>in</span> <span class='ocrx_word' id='word_1_144' title='bbox 1136 1375 1307 1406; x_wconf 89' lang='lat' dir='ltr'>Colchidem</span> <span class='ocrx_word' id='word_1_145' title='bbox 1322 1375 1483 1406; x_wconf 77' lang='lat' dir='ltr'>translata.</span> <span class='ocrx_word' id='word_1_146' title='bbox 1502 1375 1601 1412; x_wconf 83' lang='lat' dir='ltr'>Quare</span> 
     </span>
     <span class='ocr_line' id='line_1_19' title="bbox 296 1432 1598 1472; baseline -0.001 -8"><span class='ocrx_word' id='word_1_147' title='bbox 296 1432 387 1463; x_wconf 89' lang='lat' dir='ltr'>huius</span> <span class='ocrx_word' id='word_1_148' title='bbox 420 1433 541 1464; x_wconf 87' lang='lat' dir='ltr'>fabulae</span> <span class='ocrx_word' id='word_1_149' title='bbox 573 1433 657 1472; x_wconf 87' lang='lat' dir='ltr'>origo</span> <span class='ocrx_word' id='word_1_150' title='bbox 690 1442 725 1464; x_wconf 90' lang='lat' dir='ltr'>ex</span> <span class='ocrx_word' id='word_1_151' title='bbox 758 1433 814 1470; x_wconf 90' lang='lat' dir='ltr'>iis,</span> <span class='ocrx_word' id='word_1_152' title='bbox 836 1442 914 1472; x_wconf 90' lang='lat' dir='ltr'>quae</span> <span class='ocrx_word' id='word_1_153' title='bbox 937 1432 976 1463; x_wconf 89' lang='lat' dir='ltr'>ad</span> <span class='ocrx_word' id='word_1_154' title='bbox 998 1432 1187 1464; x_wconf 82' lang='lat' dir='ltr'>Thessaliam</span> <span class='ocrx_word' id='word_1_155' title='bbox 1209 1432 1388 1472; x_wconf 79' lang='lat' dir='ltr'>Minyasque</span> <span class='ocrx_word' id='word_1_156' title='bbox 1411 1432 1598 1472; x_wconf 89' lang='lat' dir='ltr'>pertineant,</span> 
     </span>
     <span class='ocr_line' id='line_1_20' title="bbox 294 1490 549 1531; baseline 0 -9"><span class='ocrx_word' id='word_1_157' title='bbox 294 1490 472 1531; x_wconf 88' lang='lat' dir='ltr'>explicanda</span> <span class='ocrx_word' id='word_1_158' title='bbox 494 1492 549 1522; x_wconf 88' lang='lat' dir='ltr'>est.</span> 
     </span>
    </p>

    <p class='ocr_par' dir='ltr' id='par_1_7' title="bbox 293 1547 1602 2172">
     <span class='ocr_line' id='line_1_21' title="bbox 341 1547 1601 1589; baseline -0.001 -10"><span class='ocrx_word' id='word_1_159' title='bbox 341 1549 418 1580; x_wconf 86' lang='lat' dir='ltr'>Sane</span> <span class='ocrx_word' id='word_1_160' title='bbox 450 1558 540 1588; x_wconf 90' lang='lat' dir='ltr'>quam</span> <span class='ocrx_word' id='word_1_161' title='bbox 570 1549 715 1588; x_wconf 85' lang='lat' dir='ltr'>inspicias</span> <span class='ocrx_word' id='word_1_162' title='bbox 737 1549 829 1589; x_wconf 85' lang='lat' dir='ltr'>digna</span> <span class='ocrx_word' id='word_1_163' title='bbox 851 1550 898 1580; x_wconf 88' lang='lat' dir='ltr'>est</span> <span class='ocrx_word' id='word_1_164' title='bbox 920 1549 1082 1588; x_wconf 83' lang='lat' dir='ltr'>expositio,</span> <span class='ocrx_word' id='word_1_165' title='bbox 1106 1557 1198 1588; x_wconf 89' lang='lat' dir='ltr'>quam</span> <span class='ocrx_word' id='word_1_166' title='bbox 1220 1548 1259 1580; x_wconf 89' lang='lat' dir='ltr'>K.</span> <span class='ocrx_word' id='word_1_167' title='bbox 1283 1548 1318 1579; x_wconf 91' lang='lat' dir='ltr'>O.</span> <span class='ocrx_word' id='word_1_168' title='bbox 1340 1547 1452 1579; x_wconf 82' lang='lat' dir='ltr'>Miiller</span> <span class='ocrx_word' id='word_1_169' title='bbox 1474 1547 1601 1589; x_wconf 87' lang='lat' dir='ltr'>(Orcho-</span> 
     </span>
     <span class='ocr_line' id='line_1_22' title="bbox 296 1604 1601 1647; baseline -0.002 -8"><span class='ocrx_word' id='word_1_170' title='bbox 296 1616 404 1640; x_wconf 87' lang='lat' dir='ltr'>menus</span> <span class='ocrx_word' id='word_1_171' title='bbox 440 1607 625 1647; x_wconf 81' lang='lat'>156-171)</span> <span class='ocrx_word' id='word_1_172' title='bbox 660 1607 695 1640; x_wconf 87' lang='lat' dir='ltr'>de</span> <span class='ocrx_word' id='word_1_173' title='bbox 726 1607 899 1640; x_wconf 89' lang='lat' dir='ltr'>hominibus</span> <span class='ocrx_word' id='word_1_174' title='bbox 931 1607 963 1639; x_wconf 89' lang='lat' dir='ltr'>in</span> <span class='ocrx_word' id='word_1_175' title='bbox 997 1606 1120 1639; x_wconf 88' lang='lat' dir='ltr'>deorum</span> <span class='ocrx_word' id='word_1_176' title='bbox 1150 1606 1292 1638; x_wconf 90' lang='lat' dir='ltr'>honorem</span> <span class='ocrx_word' id='word_1_177' title='bbox 1314 1604 1456 1638; x_wconf 69' lang='lat' dir='ltr'>mactatis</span> <span class='ocrx_word' id='word_1_178' title='bbox 1478 1605 1601 1645; x_wconf 82' lang='lat' dir='ltr'>attulit,</span> 
     </span>
     <span class='ocr_line' id='line_1_23' title="bbox 295 1664 1602 1705; baseline -0.001 -10"><span class='ocrx_word' id='word_1_179' title='bbox 295 1674 393 1704; x_wconf 91' lang='lat' dir='ltr'>neque</span> <span class='ocrx_word' id='word_1_180' title='bbox 415 1666 585 1704; x_wconf 84' lang='lat' dir='ltr'>negandum</span> <span class='ocrx_word' id='word_1_181' title='bbox 607 1668 654 1697; x_wconf 89' lang='lat' dir='ltr'>est</span> <span class='ocrx_word' id='word_1_182' title='bbox 675 1676 694 1696; x_wconf 90' lang='lat' dir='ltr'>a</span> <span class='ocrx_word' id='word_1_183' title='bbox 716 1675 786 1705; x_wconf 84' lang='lat' dir='ltr'>rege</span> <span class='ocrx_word' id='word_1_184' title='bbox 808 1666 995 1696; x_wconf 83' lang='lat' dir='ltr'>Athamante</span> <span class='ocrx_word' id='word_1_185' title='bbox 1017 1666 1131 1696; x_wconf 84' lang='lat' dir='ltr'>frustra</span> <span class='ocrx_word' id='word_1_186' title='bbox 1154 1666 1306 1696; x_wconf 80' lang='lat' dir='ltr'>tentatum</span> <span class='ocrx_word' id='word_1_187' title='bbox 1324 1664 1488 1695; x_wconf 91' lang='lat' dir='ltr'>liberorum</span> <span class='ocrx_word' id='word_1_188' title='bbox 1508 1664 1602 1695; x_wconf 88' lang='lat' dir='ltr'>sacri-</span> 
     </span>
     <span class='ocr_line' id='line_1_24' title="bbox 296 1721 1602 1764; baseline -0.001 -10"><span class='ocrx_word' id='word_1_189' title='bbox 296 1722 400 1755; x_wconf 83' lang='lat' dir='ltr'>ficium</span> <span class='ocrx_word' id='word_1_190' title='bbox 423 1723 534 1755; x_wconf 89' lang='lat' dir='ltr'>fabulis</span> <span class='ocrx_word' id='word_1_191' title='bbox 555 1723 590 1755; x_wconf 89' lang='lat' dir='ltr'>de</span> <span class='ocrx_word' id='word_1_192' title='bbox 612 1723 717 1755; x_wconf 83' lang='lat' dir='ltr'>Phrixi</span> <span class='ocrx_word' id='word_1_193' title='bbox 740 1724 814 1764; x_wconf 83' lang='lat' dir='ltr'>fuga</span> <span class='ocrx_word' id='word_1_194' title='bbox 836 1723 1002 1764; x_wconf 79' lang='lat' dir='ltr'>divulgatis</span> <span class='ocrx_word' id='word_1_195' title='bbox 1024 1722 1136 1764; x_wconf 84' lang='lat' dir='ltr'>partim</span> <span class='ocrx_word' id='word_1_196' title='bbox 1159 1722 1297 1762; x_wconf 86' lang='lat' dir='ltr'>subesse,</span> <span class='ocrx_word' id='word_1_197' title='bbox 1323 1721 1376 1754; x_wconf 87' lang='lat' dir='ltr'>sed</span> <span class='ocrx_word' id='word_1_198' title='bbox 1398 1721 1504 1762; x_wconf 90' lang='lat' dir='ltr'>opinor</span> <span class='ocrx_word' id='word_1_199' title='bbox 1524 1721 1602 1753; x_wconf 84' lang='lat' dir='ltr'>hanc</span> 
     </span>
     <span class='ocr_line' id='line_1_25' title="bbox 295 1769 1601 1822; baseline -0.001 -10"><span class='ocrx_word' id='word_1_200' title='bbox 295 1780 417 1812; x_wconf 78' lang='lat' dir='ltr'>fabulae</span> <span class='ocrx_word' id='word_1_201' title='bbox 440 1782 587 1820; x_wconf 81' lang='lat' dir='ltr'>orig-inem</span> <span class='ocrx_word' id='word_1_202' title='bbox 609 1783 766 1813; x_wconf 88' lang='lat' dir='ltr'>evanuisse</span> <span class='ocrx_word' id='word_1_203' title='bbox 788 1784 950 1822; x_wconf 88' lang='lat' dir='ltr'>postquam</span> <span class='ocrx_word' id='word_1_204' title='bbox 974 1782 1108 1813; x_wconf 85' lang='lat' dir='ltr'>coloniae</span> <span class='ocrx_word' id='word_1_205' title='bbox 1131 1781 1295 1819; x_wconf 87' lang='lat' dir='ltr'>deductae,</span> <span class='ocrx_word' id='word_1_206' title='bbox 1318 1769 1429 1812; x_wconf 77' lang='lat' dir='ltr'>itinera</span> <span class='ocrx_word' id='word_1_207' title='bbox 1440 1780 1601 1818; x_wconf 84' lang='lat' dir='ltr'>maritima,</span> 
     </span>
     <span class='ocr_line' id='line_1_26' title="bbox 295 1837 1602 1880; baseline -0.002 -10"><span class='ocrx_word' id='word_1_208' title='bbox 295 1838 508 1870; x_wconf 85' lang='lat' dir='ltr'>commercium</span> <span class='ocrx_word' id='word_1_209' title='bbox 541 1839 662 1879; x_wconf 85' lang='lat' dir='ltr'>propria</span> <span class='ocrx_word' id='word_1_210' title='bbox 684 1840 775 1871; x_wconf 91' lang='lat' dir='ltr'>huius</span> <span class='ocrx_word' id='word_1_211' title='bbox 797 1839 894 1880; x_wconf 85' lang='lat' dir='ltr'>mythi</span> <span class='ocrx_word' id='word_1_212' title='bbox 917 1839 1065 1871; x_wconf 73' lang='lat' dir='ltr'>elementa</span> <span class='ocrx_word' id='word_1_213' title='bbox 1086 1839 1211 1870; x_wconf 89' lang='lat' dir='ltr'>fuerint.</span> <span class='ocrx_word' id='word_1_214' title='bbox 1246 1838 1419 1870; x_wconf 87' lang='lat' dir='ltr'>Admodum</span> <span class='ocrx_word' id='word_1_215' title='bbox 1441 1837 1522 1869; x_wconf 88' lang='lat' dir='ltr'>enim</span> <span class='ocrx_word' id='word_1_216' title='bbox 1545 1837 1602 1869; x_wconf 90' lang='lat' dir='ltr'>mi-</span> 
     </span>
     <span class='ocr_line' id='line_1_27' title="bbox 296 1896 1602 1937; baseline -0.002 -8"><span class='ocrx_word' id='word_1_217' title='bbox 296 1906 365 1928; x_wconf 90' lang='lat' dir='ltr'>rum</span> <span class='ocrx_word' id='word_1_218' title='bbox 386 1899 448 1935; x_wconf 87' lang='lat' dir='ltr'>est,</span> <span class='ocrx_word' id='word_1_219' title='bbox 472 1897 552 1937; x_wconf 93' lang='lat' dir='ltr'>quod</span> <span class='ocrx_word' id='word_1_220' title='bbox 575 1898 654 1929; x_wconf 88' lang='lat' dir='ltr'>aries</span> <span class='ocrx_word' id='word_1_221' title='bbox 676 1897 787 1929; x_wconf 85' lang='lat' dir='ltr'>Hellen</span> <span class='ocrx_word' id='word_1_222' title='bbox 808 1900 839 1930; x_wconf 90' lang='lat' dir='ltr'>et</span> <span class='ocrx_word' id='word_1_223' title='bbox 862 1898 1009 1930; x_wconf 86' lang='lat' dir='ltr'>Phrixum</span> <span class='ocrx_word' id='word_1_224' title='bbox 1032 1898 1177 1930; x_wconf 86' lang='lat' dir='ltr'>sublimes</span> <span class='ocrx_word' id='word_1_225' title='bbox 1199 1897 1300 1930; x_wconf 85' lang='lat' dir='ltr'>avexit</span> <span class='ocrx_word' id='word_1_226' title='bbox 1321 1898 1352 1929; x_wconf 91' lang='lat' dir='ltr'>et</span> <span class='ocrx_word' id='word_1_227' title='bbox 1375 1896 1479 1928; x_wconf 85' lang='lat' dir='ltr'>fabula</span> <span class='ocrx_word' id='word_1_228' title='bbox 1497 1897 1602 1928; x_wconf 87' lang='lat' dir='ltr'>contra</span> 
     </span>
     <span class='ocr_line' id='line_1_28' title="bbox 293 1954 1602 1995; baseline -0.002 -8"><span class='ocrx_word' id='word_1_229' title='bbox 293 1955 381 1987; x_wconf 88' lang='lat' dir='ltr'>docet</span> <span class='ocrx_word' id='word_1_230' title='bbox 413 1956 513 1987; x_wconf 89' lang='lat' dir='ltr'>vellus</span> <span class='ocrx_word' id='word_1_231' title='bbox 545 1965 671 1987; x_wconf 88' lang='lat' dir='ltr'>aureum</span> <span class='ocrx_word' id='word_1_232' title='bbox 693 1957 895 1995; x_wconf 54' lang='lat' dir='ltr'>reportatum,</span> <span class='ocrx_word' id='word_1_233' title='bbox 918 1965 980 1987; x_wconf 91' lang='lat' dir='ltr'>non</span> <span class='ocrx_word' id='word_1_234' title='bbox 1001 1956 1111 1987; x_wconf 92' lang='lat' dir='ltr'>liberos</span> <span class='ocrx_word' id='word_1_235' title='bbox 1133 1956 1234 1987; x_wconf 78' lang='lat' dir='ltr'>salvos</span> <span class='ocrx_word' id='word_1_236' title='bbox 1256 1955 1288 1986; x_wconf 92' lang='lat' dir='ltr'>in</span> <span class='ocrx_word' id='word_1_237' title='bbox 1311 1954 1442 1995; x_wconf 83' lang='lat' dir='ltr'>patriam</span> <span class='ocrx_word' id='word_1_238' title='bbox 1464 1954 1602 1986; x_wconf 87' lang='lat' dir='ltr'>reductos</span> 
     </span>
     <span class='ocr_line' id='line_1_29' title="bbox 295 2012 1601 2055; baseline -0.002 -9"><span class='ocrx_word' id='word_1_239' title='bbox 295 2023 370 2046; x_wconf 84' lang='lat' dir='ltr'>esse.</span> <span class='ocrx_word' id='word_1_240' title='bbox 392 2015 452 2046; x_wconf 89' lang='lat' dir='ltr'>Pro</span> <span class='ocrx_word' id='word_1_241' title='bbox 473 2014 642 2046; x_wconf 88' lang='lat' dir='ltr'>Abrahami</span> <span class='ocrx_word' id='word_1_242' title='bbox 665 2014 727 2046; x_wconf 87' lang='lat' dir='ltr'>filio</span> <span class='ocrx_word' id='word_1_243' title='bbox 750 2015 781 2046; x_wconf 91' lang='lat' dir='ltr'>et</span> <span class='ocrx_word' id='word_1_244' title='bbox 801 2024 855 2055; x_wconf 89' lang='lat' dir='ltr'>pro</span> <span class='ocrx_word' id='word_1_245' title='bbox 878 2014 1056 2055; x_wconf 83' lang='lat' dir='ltr'>Iphigenia,</span> <span class='ocrx_word' id='word_1_246' title='bbox 1079 2023 1156 2054; x_wconf 87' lang='lat' dir='ltr'>quae</span> <span class='ocrx_word' id='word_1_247' title='bbox 1178 2014 1283 2054; x_wconf 85' lang='lat' dir='ltr'>postea</span> <span class='ocrx_word' id='word_1_248' title='bbox 1308 2012 1394 2044; x_wconf 83' lang='lat' dir='ltr'>salva</span> <span class='ocrx_word' id='word_1_249' title='bbox 1416 2012 1449 2044; x_wconf 92' lang='lat' dir='ltr'>in</span> <span class='ocrx_word' id='word_1_250' title='bbox 1471 2012 1601 2053; x_wconf 81' lang='lat' dir='ltr'>patriam</span> 
     </span>
     <span class='ocr_line' id='line_1_30' title="bbox 294 2071 1601 2113; baseline -0.001 -9"><span class='ocrx_word' id='word_1_251' title='bbox 294 2072 412 2105; x_wconf 86' lang='lat' dir='ltr'>Orestis</span> <span class='ocrx_word' id='word_1_252' title='bbox 446 2075 477 2105; x_wconf 88' lang='lat' dir='ltr'>et</span> <span class='ocrx_word' id='word_1_253' title='bbox 509 2073 635 2113; x_wconf 83' lang='lat' dir='ltr'>Pyladis</span> <span class='ocrx_word' id='word_1_254' title='bbox 669 2082 724 2113; x_wconf 88' lang='lat' dir='ltr'>ope</span> <span class='ocrx_word' id='word_1_255' title='bbox 757 2073 863 2112; x_wconf 88' lang='lat' dir='ltr'>rediit,</span> <span class='ocrx_word' id='word_1_256' title='bbox 886 2082 998 2113; x_wconf 81' lang='lat' dir='ltr'>agnam</span> <span class='ocrx_word' id='word_1_257' title='bbox 1020 2075 1050 2105; x_wconf 90' lang='lat' dir='ltr'>et</span> <span class='ocrx_word' id='word_1_258' title='bbox 1073 2081 1194 2105; x_wconf 83' lang='lat' dir='ltr'>cervam</span> <span class='ocrx_word' id='word_1_259' title='bbox 1215 2071 1331 2112; x_wconf 73' lang='lat' dir='ltr'>positas</span> <span class='ocrx_word' id='word_1_260' title='bbox 1354 2079 1419 2103; x_wconf 88' lang='lat' dir='ltr'>esse</span> <span class='ocrx_word' id='word_1_261' title='bbox 1441 2071 1601 2103; x_wconf 85' lang='lat' dir='ltr'>memoriae</span> 
     </span>
     <span class='ocr_line' id='line_1_31' title="bbox 296 2128 1513 2172; baseline -0.002 -9"><span class='ocrx_word' id='word_1_262' title='bbox 296 2131 441 2163; x_wconf 84' lang='lat' dir='ltr'>traditum</span> <span class='ocrx_word' id='word_1_263' title='bbox 464 2133 524 2170; x_wconf 90' lang='lat' dir='ltr'>est,</span> <span class='ocrx_word' id='word_1_264' title='bbox 545 2140 623 2172; x_wconf 90' lang='lat' dir='ltr'>quae</span> <span class='ocrx_word' id='word_1_265' title='bbox 645 2131 723 2163; x_wconf 89' lang='lat' dir='ltr'>ratio</span> <span class='ocrx_word' id='word_1_266' title='bbox 744 2131 835 2171; x_wconf 85' lang='lat' dir='ltr'>longe</span> <span class='ocrx_word' id='word_1_267' title='bbox 856 2140 875 2162; x_wconf 88' lang='lat' dir='ltr'>a</span> <span class='ocrx_word' id='word_1_268' title='bbox 897 2131 1002 2162; x_wconf 88' lang='lat' dir='ltr'>Phrixi</span> <span class='ocrx_word' id='word_1_269' title='bbox 1024 2132 1056 2162; x_wconf 88' lang='lat' dir='ltr'>et</span> <span class='ocrx_word' id='word_1_270' title='bbox 1078 2130 1186 2162; x_wconf 85' lang='lat' dir='ltr'>Helles</span> <span class='ocrx_word' id='word_1_271' title='bbox 1207 2129 1384 2161; x_wconf 87' lang='lat' dir='ltr'>liberatione</span> <span class='ocrx_word' id='word_1_272' title='bbox 1405 2128 1513 2161; x_wconf 87' lang='lat' dir='ltr'>differt.</span> 
     </span>
    </p>
   </div>
   <div class='ocr_carea' id='block_1_7' title="bbox 295 2202 1604 2411">
    <p class='ocr_par' dir='ltr' id='par_1_8' title="bbox 295 2202 1604 2411">
     <span class='ocr_line' id='line_1_32' title="bbox 343 2202 1602 2244; baseline 0 -11"><span class='ocrx_word' id='word_1_273' title='bbox 343 2203 375 2241; x_wconf 87' lang='lat'>1)</span> <span class='ocrx_word' id='word_1_274' title='bbox 409 2205 479 2235; x_wconf 90' lang='lat' dir='ltr'>Sine</span> <span class='ocrx_word' id='word_1_275' title='bbox 512 2204 603 2236; x_wconf 90' lang='lat' dir='ltr'>dubio</span> <span class='ocrx_word' id='word_1_276' title='bbox 637 2213 691 2244; x_wconf 90' lang='lat' dir='ltr'>pro</span> <span class='ocrx_word' id='word_1_277' title='bbox 725 2205 806 2235; x_wconf 87' lang='lat' dir='ltr'>certo</span> <span class='ocrx_word' id='word_1_278' title='bbox 840 2203 943 2234; x_wconf 83' lang='lat' dir='ltr'>haberi</span> <span class='ocrx_word' id='word_1_279' title='bbox 976 2204 1075 2242; x_wconf 76' lang='lat' dir='ltr'>potest</span> <span class='ocrx_word' id='word_1_280' title='bbox 1108 2203 1206 2234; x_wconf 89' lang='lat' dir='ltr'>vellus</span> <span class='ocrx_word' id='word_1_281' title='bbox 1240 2211 1365 2233; x_wconf 88' lang='lat' dir='ltr'>aureum</span> <span class='ocrx_word' id='word_1_282' title='bbox 1397 2202 1436 2233; x_wconf 87' lang='lat' dir='ltr'>ad</span> <span class='ocrx_word' id='word_1_283' title='bbox 1458 2202 1602 2233; x_wconf 72' lang='lat' dir='ltr'>orientem</span> 
     </span>
     <span class='ocr_line' id='line_1_33' title="bbox 295 2259 1604 2301; baseline -0.002 -8"><span class='ocrx_word' id='word_1_284' title='bbox 295 2261 421 2301; x_wconf 85' lang='lat' dir='ltr'>(Aeetes</span> <span class='ocrx_word' id='word_1_285' title='bbox 442 2262 523 2294; x_wconf 90' lang='lat' dir='ltr'>enim</span> <span class='ocrx_word' id='word_1_286' title='bbox 546 2262 624 2294; x_wconf 85' lang='lat' dir='ltr'>Solis</span> <span class='ocrx_word' id='word_1_287' title='bbox 646 2262 730 2293; x_wconf 89' lang='lat' dir='ltr'>filius</span> <span class='ocrx_word' id='word_1_288' title='bbox 754 2263 812 2299; x_wconf 91' lang='lat' dir='ltr'>est)</span> <span class='ocrx_word' id='word_1_289' title='bbox 835 2260 940 2293; x_wconf 87' lang='lat' dir='ltr'>referri</span> <span class='ocrx_word' id='word_1_290' title='bbox 964 2260 1088 2292; x_wconf 89' lang='lat' dir='ltr'>solitum</span> <span class='ocrx_word' id='word_1_291' title='bbox 1111 2269 1186 2292; x_wconf 87' lang='lat' dir='ltr'>esse.</span> <span class='ocrx_word' id='word_1_292' title='bbox 1209 2259 1351 2292; x_wconf 86' lang='lat' dir='ltr'>Materies</span> <span class='ocrx_word' id='word_1_293' title='bbox 1370 2260 1490 2292; x_wconf 87' lang='lat' dir='ltr'>fabulae</span> <span class='ocrx_word' id='word_1_294' title='bbox 1500 2260 1604 2291; x_wconf 86' lang='lat' dir='ltr'>admo-</span> 
     </span>
     <span class='ocr_line' id='line_1_34' title="bbox 298 2317 1603 2360; baseline -0.001 -10"><span class='ocrx_word' id='word_1_295' title='bbox 298 2319 370 2351; x_wconf 90' lang='lat' dir='ltr'>dum</span> <span class='ocrx_word' id='word_1_296' title='bbox 404 2329 481 2359; x_wconf 82' lang='lat' dir='ltr'>vaga</span> <span class='ocrx_word' id='word_1_297' title='bbox 514 2322 545 2352; x_wconf 91' lang='lat' dir='ltr'>et</span> <span class='ocrx_word' id='word_1_298' title='bbox 576 2320 686 2352; x_wconf 84' lang='lat' dir='ltr'>diffusa</span> <span class='ocrx_word' id='word_1_299' title='bbox 720 2319 800 2360; x_wconf 81' lang='lat' dir='ltr'>fuit,</span> <span class='ocrx_word' id='word_1_300' title='bbox 835 2319 914 2359; x_wconf 85' lang='lat' dir='ltr'>quod</span> <span class='ocrx_word' id='word_1_301' title='bbox 936 2327 997 2350; x_wconf 90' lang='lat' dir='ltr'>nou</span> <span class='ocrx_word' id='word_1_302' title='bbox 1018 2318 1130 2350; x_wconf 88' lang='lat' dir='ltr'>litteris</span> <span class='ocrx_word' id='word_1_303' title='bbox 1152 2317 1293 2350; x_wconf 81' lang='lat' dir='ltr'>mandata</span> <span class='ocrx_word' id='word_1_304' title='bbox 1316 2320 1381 2350; x_wconf 83' lang='lat' dir='ltr'>erat</span> <span class='ocrx_word' id='word_1_305' title='bbox 1402 2327 1500 2358; x_wconf 88' lang='lat' dir='ltr'>neque</span> <span class='ocrx_word' id='word_1_306' title='bbox 1521 2318 1603 2349; x_wconf 81' lang='lat' dir='ltr'>certa</span> 
     </span>
     <span class='ocr_line' id='line_1_35' title="bbox 297 2378 560 2411; baseline 0 -1"><span class='ocrx_word' id='word_1_307' title='bbox 297 2378 393 2410; x_wconf 83' lang='lat' dir='ltr'>forma</span> <span class='ocrx_word' id='word_1_308' title='bbox 415 2379 560 2411; x_wconf 78' lang='lat' dir='ltr'>stabilita.</span> 
     </span>
    </p>
   </div>
  </div>
 </body>
</html>
