1874 2826
977 274 1024 311 94

519 378 623 416 δαλοῦ
649 378 865 423 ἀνεγρόμενον
891 392 948 414 συν
972 378 1110 424 κάρφεα
1137 378 1237 416 πάντ’
1263 379 1447 424 ἀμαθύνει·

520 451 603 487 τοῖος
628 447 690 482 ὑπο
717 447 833 492 κραδίῃ
858 447 1031 490 εἰλυμένος
1057 446 1177 483 αἴθετο
1202 447 1314 492 λάθρη

517 511 608 554 οὖλος
635 513 721 558 ἔρως·
747 514 892 554 ἁπαλὰς
918 514 955 550 δὲ
982 516 1225 560 μετετρωπᾶτο
1251 515 1394 560 παρειὰς

518 585 553 625 ἐς
577 583 700 629 χλόον,
725 583 844 620 ἄλλοτ’
871 583 1025 629 ἔρευθος,
1051 583 1221 630 ἀκηδείῃσι
1248 584 1335 620 νόοιο.
1504 629 1506 631 ¹

396 654 486 690 Post
509 662 682 697 coenam,
707 654 770 689 ubi
795 653 886 690 fessi
911 655 1041 690 heroes
1066 654 1167 690 vires
1179 654 1259 690 cibo
1271 656 1312 690 et
1324 654 1412 690 vino
1422 654 1650 701 refecerunt,

345 731 411 758 rex
459 722 605 767 Argum
655 722 783 758 Phrixi
816 721 934 758 filium
967 722 1191 767 interrogat,
1229 731 1411 767 quaenam
1447 731 1561 759 causa.
1598 723 1650 759 sit

344 789 553 834 necopinati
575 789 719 827 reditus
742 792 782 826 et
807 799 900 835 quos
925 790 1092 835 hospites
1117 798 1245 826 secum
1268 790 1492 827 adduxerint
1513 788 1648 835 (303-

345 858 442 905 316).
467 858 602 904 Magna
625 858 820 904 prudentia
840 867 932 895 usus
956 858 1156 904 respondet
1180 859 1306 905 Argus
1325 868 1524 905 regemque
1544 859 1652 896 docet

344 927 647 972 Argonautarum
691 927 922 972 propositum
966 927 1202 973 (337-817),
1240 927 1374 972 quibus
1409 928 1547 964 auditis
1582 936 1650 964 rex

343 996 509 1040 graviter
544 995 700 1032 affectus
737 996 919 1040 erumpit:
958 996 1090 1032 statim
1127 1004 1213 1031 cum
1249 995 1341 1032 dolis
1377 995 1568 1032 discedant
1603 996 1650 1032 ab

344 1062 479 1104 oculis;
504 1071 568 1098 eos
592 1071 665 1099 non
690 1061 809 1098 vellus
829 1063 895 1098 sed
914 1065 1103 1108 sceptrum
1116 1064 1155 1099 et
1167 1063 1312 1107 regium
1324 1063 1501 1099 honorem
1512 1066 1651 1109 petere,

346 1130 479 1167 mereri
509 1130 621 1176 igitur
645 1131 791 1176 languis
814 1130 978 1167 exsectis
1004 1131 1249 1176 manibusque
1273 1131 1482 1176 amputatis
1505 1131 1649 1168 remitti

345 1199 500 1242 pedibus
521 1199 626 1241 solis,
660 1208 701 1234 se
727 1201 856 1234 tamen
881 1199 1033 1243 hospitii
1058 1199 1203 1235 iniuriis
1227 1199 1420 1235 afuturum
1445 1199 1649 1235 367—382.

394 1266 534 1312 Regem
563 1276 699 1312 magna
717 1266 773 1302 ira
793 1266 989 1303 incensum
1014 1276 1098 1303 esse
1122 1276 1241 1311 neque
1252 1267 1377 1303 animo
1389 1276 1457 1303 suo
1469 1267 1649 1311 imperare

343 1334 510 1379 potuisse
548 1335 666 1380 magis
702 1335 835 1371 virtuti
872 1338 913 1371 et
949 1335 1060 1371 feroci
1096 1336 1346 1381 potentissimi
1383 1335 1498 1381 regis,
1529 1345 1553 1372 a
1576 1345 1649 1380 quo

343 1402 487 1439 Iasonis
520 1405 562 1439 et
596 1402 777 1439 sociorum
813 1403 915 1438 salus
940 1403 1134 1447 penderet,
1161 1404 1308 1449 ingenio
1332 1404 1509 1449 concinit,
1535 1413 1648 1448 quam

342 1469 481 1506 Valerii
515 1470 697 1514 expositio
729 1471 916 1507 narrantis
950 1470 989 1516 (5
1014 1481 1023 1507 ε
1051 1471 1262 1517 584—541)
1287 1481 1374 1508 eum
1398 1471 1530 1507 statim
1554 1472 1648 1508 iram

344 1538 585 1575 devorantem
610 1538 695 1575 miti
719 1539 843 1575 animo
866 1538 1043 1576 simulato
1067 1539 1168 1576 dolos
1188 1539 1354 1576 finxisse.

392 1607 578 1643 Aeaciden
602 1608 736 1644 acriter
756 1617 1021 1652 responsurum
1033 1608 1245 1653 interpellat
1256 1608 1365 1644 Iason
1377 1609 1418 1644 et
1430 1607 1647 1652 respondet:

346 1684 387 1711 se
423 1684 497 1711 non
531 1684 600 1711 sua
623 1677 755 1719 sponte
780 1684 844 1720 per
869 1678 928 1711 tot
952 1675 1070 1711 maria
1094 1685 1138 1711 ac
1162 1675 1324 1720 pericula
1348 1675 1420 1711 iter
1444 1674 1577 1710 fecisse
1600 1675 1646 1710 ad

344 1743 544 1780 auferenda
579 1744 674 1779 bona
710 1743 830 1779 aliena
862 1743 928 1779 sed
959 1743 1071 1779 deum
1105 1745 1145 1779 et
1169 1742 1354 1779 crudelem
1378 1743 1581 1787 tyrannum
1604 1752 1645 1779 se

344 1811 586 1857 compulisse:
612 1820 654 1847 se
678 1813 807 1846 autem
831 1813 1005 1855 paratum
1029 1820 1111 1847 esse
1133 1811 1165 1846 si
1187 1820 1253 1847 rex
1266 1810 1336 1847 sibi
1348 1811 1416 1847 hoc
1428 1811 1646 1848 beneficium

343 1880 504 1925 dederit,
543 1888 630 1915 eum
668 1878 844 1915 adiuvare
882 1878 928 1914 ad
953 1878 1127 1924 populum
1151 1879 1454 1916 sauromatarum
1478 1879 1646 1925 subigen-

343 1950 433 1985 dum
459 1949 540 1985 sive
565 1948 677 1985 aliam
699 1950 851 1993 gentem
877 1948 1077 1984 inimicam.
1102 1947 1174 1983 Sed
1199 1956 1266 1983 rex
1290 1946 1424 1984 dubius
1435 1950 1563 1984 utrum
1583 1957 1646 1985 eos

342 2016 425 2054 ilico
448 2016 649 2053 interficiat
672 2025 721 2052 an
746 2015 948 2061 periculum
974 2014 1086 2052 faciat
1109 2014 1265 2061 virium,
1291 2014 1413 2051 Iasoni
1428 2014 1538 2052 duros
1549 2015 1645 2052 labo-

342 2095 403 2122 res
429 2085 558 2133 (boves
582 2087 706 2121 aratro
731 2084 953 2129 iungendos,
981 2085 1113 2121 dentes
1134 2084 1308 2120 serendos
1319 2084 1644 2123 undeviriarmati

339 2245 433 2278 found
464 2245 548 2278 them
580 2245 613 2278 in
643 2245 828 2284 litterature,
859 2245 921 2277 and
943 2245 1052 2286 thougt
1073 2246 1156 2278 them
1178 2245 1231 2278 the
1252 2246 1453 2286 spontaneous
1474 2246 1646 2287 expression

340 2304 374 2336 of
402 2304 455 2336 the
487 2304 570 2345 grief
599 2304 633 2336 of
662 2305 744 2343 love,
777 2304 866 2336 while
895 2304 967 2344 they
988 2313 1065 2337 were
1086 2304 1181 2345 really
1203 2304 1255 2336 the
1276 2303 1417 2336 artificial
1438 2304 1594 2338 invention
1615 2305 1648 2337 of

339 2362 543 2395 Callimachus
563 2362 624 2394 and
645 2363 694 2394 his
716 2362 831 2400 school,
855 2362 921 2393 who
942 2363 1014 2393 thus
1036 2362 1172 2394 fathered
1193 2362 1276 2394 them
1298 2371 1380 2402 upon
1401 2363 1515 2394 human
1526 2364 1644 2396 nature.
