1874 2826
900 296 969 342 101.

285 412 370 440 rum
393 403 478 440 aula
501 404 606 441 vitiis
631 406 670 441 et
693 405 841 441 libidine
867 405 1026 441 scelesta
1050 405 1221 452 corrupta
1234 404 1326 439 erat.
1353 401 1586 447 Quamquam

286 473 494 519 negandum
511 482 584 510 non
597 473 657 509 est
668 472 943 521 affectationem
954 474 1147 518 poetarum
1160 474 1200 509 et
1213 470 1374 513 novandi
1386 471 1425 517 et
1437 470 1585 507 abscon·

288 541 356 577 diti
387 542 577 585 promendi
608 541 776 577 studium
807 541 927 577 multa
958 542 1116 577 obscena
1144 543 1185 576 et
1209 539 1396 584 impudica
1420 538 1585 573 finxisse.

336 609 422 645 Sine
448 609 558 645 dubio
587 607 711 657 Stoioa
734 607 869 651 placita
894 606 930 654 1)
956 608 1118 643 maxime
1137 608 1341 654 ⁴valuerunt
1365 606 1413 641 ad
1438 607 1587 650 mentes

286 675 478 712 hominum
502 675 728 720 mitigandas
752 676 792 710 et
814 674 1088 712 humanitatem
1114 674 1362 711 excolendam.
1388 673 1460 709 Pro
1484 674 1587 709 certo

287 742 464 779 affirmari
495 744 623 787 potest
653 741 827 786 pudicum
859 740 1007 777 Medeae
1044 751 1208 778 amorem
1231 744 1449 778 nascentem
1468 741 1586 785 ‘Apol-

287 810 429 846 lonium
465 810 627 855 primum
664 809 828 844 finxisse.
865 805 962 845 Nam
998 818 1067 845 nec
1101 810 1350 846 Antimachus
1386 809 1517 855 fn‘gida
1545 811 1585 846 et

288 877 396 919 docta
415 877 708 919 enumeratione,
730 885 849 920 neque
862 877 1008 922 *tragico
1027 879 1067 912 et
1086 878 1229 914 heroico
1248 887 1372 914 amore
1390 878 1586 923 Sophocles

289 953 409 989 neque
446 943 636 988 Euripides
672 943 800 990 Medea
837 952 906 979 sua
941 943 1123 990 invidiosa
1159 945 1198 979 et
1234 945 1391 981 scelesta
1414 945 1587 990 exemplo

287 1012 410 1056 potuit
453 1020 536 1047 esse
580 1010 791 1056 Apollonio,
836 1011 900 1055 qui
933 1011 1040 1056 *epica
1075 1012 1235 1048 veritate
1271 1014 1312 1047 et
1348 1012 1584 1056 simplicitate

289 1079 384 1114 hanc
403 1088 540 1114 novam
558 1087 638 1114 rem
659 1078 844 1123 exposuit.
869 1078 985 1114 Anim
997 1078 1267 1115 advertendum
1287 1081 1366 1122 est,
1385 1088 1471 1114 cum
1483 1080 1589 1114 scho-

288 1146 419 1183 liastae
456 1146 646 1191 ingentem
683 1155 881 1182 numerum
917 1149 1109 1182 auctorum
1145 1149 1212 1182 aut
1243 1156 1388 1189 eorum,
1414 1147 1477 1190 qui
1502 1156 1587 1182 cum

288 1213 479 1258 Apollonio
492 1213 730 1250 consentiunt
742 1215 809 1249 aut
820 1213 1058 1258 dissentiunt,
1084 1215 1410 1256 accumulaverint‚
1432 1223 1590 1258 quorum

289 1282 452 1327 plerique
497 1282 758 1326 mythographi
771 1308 781 1326 ‚
828 1282 1050 1327 geographi,
1084 1283 1346 1319 HeracIearum
1392 1283 1588 1328 scriptores

289 1350 452 1395 pedestri
484 1348 521 1397 2)
556 1349 719 1386 oratione
754 1350 812 1386 usi
846 1349 942 1394 sint,
976 1350 1214 1396 praecipuum
1250 1350 1433 1396 Apollonii
1457 1350 1592 1387 Rhodii.

290 1422 478 1455 auctorem
501 1418 644 1454 nullum
668 1419 825 1455 inveniri
850 1420 898 1461 3).

337 1487 438 1524 'Num
461 1472 677 1532 Apollonius
697 1487 872 1523 nonnulla
895 1497 918 1523 a
943 1486 1165 1524 Callimacho
1189 1489 1386 1524 mutuatus
1406 1487 1458 1523 sit
1479 1486 1593 1533 (quod

289 1556 479 1593 Weichert
503 1557 615 1600 negat
638 1565 720 1600 pag.
734 1556 781 1591 57
807 1565 884 1600 seq.
911 1558 952 1592 et
975 1557 1072 1604 quod
1098 1556 1216 1593 Couat
1240 1566 1323 1602 pag.
1338 1557 1410 1593 503
1434 1555 1471 1602 4)
1494 1557 1594 1592 veri·

290 1625 410 1661 simile
442 1626 552 1669 putat
584 1634 667 1661 esse
703 1625 742 1661 in
766 1625 928 1661 carmine
953 1627 1042 1662 ante
1066 1625 1329 1670 profectionem
1355 1625 1394 1661 in
1418 1624 1590 1660 Rhodum

291 1691 527 1739 declamato),
551 1702 612 1728 res
636 1694 695 1728 est
718 1701 791 1728 non
812 1693 937 1737 magni
961 1693 1160 1735 momenti,
1185 1692 1281 1737 quod
1294 1693 1510 1738 Apollonius
1522 1695 1590 1728 aut

289 1795 394 1828 δήνεσιν
412 1796 554 1828 ἀλλήλων,
582 1795 634 1827 ubi
663 1797 753 1837 poeta
781 1796 922 1828 describit
943 1804 1065 1827 uxorem
1087 1795 1210 1827 flentem
1231 1795 1391 1834 maritum,
1423 1795 1472 1826 cui
1494 1804 1594 1835 nuper

288 1854 443 1892 nupserat.
815 1870 817 1872 -

333 1910 369 1954 1)
391 1911 436 1944 cf.
457 1911 590 1953 Mahaffy
613 1911 689 1946 240.
710 1912 953 1954 Verypossibly,
975 1914 1038 1952 too,
1061 1913 1112 1945 the
1134 1912 1215 1945 Stoic
1224 1913 1323 1944 tenets
1333 1921 1367 1944 so
1377 1912 1485 1953 widely
1495 1911 1592 1944 disse-

287 1970 421 2001 minated
442 1970 475 2001 in
496 1971 582 2002 those
604 1971 678 2010 days
699 1971 760 2003 had
780 1972 860 2003 their
881 1972 967 2003 effect
988 1971 1021 2003 in
1042 1971 1094 2002 the
1114 1973 1292 2010 acceptance
1314 1971 1347 2002 of
1362 1980 1381 2001 a
1400 1962 1521 2002 stricter
1530 1971 1592 2002 and

287 2036 369 2059 more
392 2027 506 2059 serious
527 2028 603 2060 view
625 2028 659 2060 of
676 2028 741 2061 life.

334 2086 367 2127 2)
390 2086 438 2119 Cf.
459 2087 614 2120 Weiehert
637 2088 718 2129 146,
743 2087 817 2127 147.

333 2143 367 2183 3)
390 2144 436 2178 Cf.
458 2145 613 2177 Weiehert
626 2146 698 2185 152,
722 2146 795 2185 153,
817 2147 967 2179 ubidooet
977 2147 1125 2185 Cleonem,
1142 2147 1231 2178 Curio
1242 2146 1416 2185 oriundum,
1439 2156 1529 2187 aquo
1552 2153 1593 2180 τὶ

287 2204 383 2233 πάντα
407 2205 579 2241 μετήνεγκεν
603 2205 791 2239 Ἀπολλώνιος
815 2205 867 2244 (cf.
889 2205 988 2238 Schol.
1013 2206 1031 2238 1
1057 2218 1065 2238 :
1089 2204 1166 2246 623)
1187 2205 1316 2246 pedestri
1339 2205 1472 2237 oratione
1499 2215 1590 2238 usum

287 2271 369 2300 esse,
391 2271 518 2303 eamque
539 2264 762 2296 adnotationem
784 2273 851 2296 esse
872 2266 1094 2305 exaggeratam.

330 2318 367 2363 4)
391 2320 422 2352 Il
443 2321 491 2353 est
511 2321 654 2362 probable
675 2331 734 2363 que
755 2322 800 2355 les
819 2323 978 2365 emprunts
996 2321 1206 2364 d’Apollonius
1224 2321 1337 2354 etaient
1348 2322 1419 2364 plus
1429 2325 1593 2364 apparente

288 2380 363 2412 dans
385 2389 439 2413 son
461 2381 591 2420 premier
612 2382 707 2414 essai:
729 2382 769 2414 cf.
792 2383 889 2415 Schoi.
915 2382 932 2419 1
958 2394 966 2414 :
991 2382 1075 2415 1309
1099 2384 1451 2420 Καλλιμάχειοςὸστίχυς.
