1874 2826
906 282 954 319 19

283 387 459 422 sonantes
484 396 570 424 mox
594 396 659 432 per
682 389 797 425 valles
823 391 871 425 et.
882 390 1057 434 patentes
1082 398 1232 433 campos
1254 389 1450 433 tranquillo
1469 398 1580 427 cursu

276 462 398 498 aquas
417 454 456 491 in
476 464 579 492 mare
602 455 704 493 ducit
721 456 881 500 flumen,
904 456 959 493 sic
979 457 1162 503 Apollonii
1187 466 1338 494 carmen
1361 460 1580 502 argtmento

275 522 443 559 :breviter
453 524 631 570 exposito,
643 525 795 562 heroum
806 526 1018 563 nominibus
1026 526 1197 571 narratis,
1207 525 1350 563 medias
1357 525 1395 562 in
1403 534 1464 562 res
1471 525 1578 563 lecto·

282 599 361 628 rem
373 592 499 628 secum
509 592 609 629 ducit
617 601 691 629 nec
703 592 788 630 ullis
798 594 1015 639 ambagibus
1027 594 1093 630 sed
1105 596 1232 640 aperte
1241 594 1281 630 et
1288 591 1446 630 dilucide
1453 602 1577 630 rerum

281 660 414 697 seriem
439 661 588 698 evolvit.
614 660 657 697 In
681 661 787 698 litore
812 664 891 698 stat
914 661 1104 698 Alcimede
1129 664 1261 707 mater,
1284 662 1578 707 postremisam-

279 728 447 773 plexibus
458 729 659 766 adhaerens
669 729 744 766 filio
752 757 763 773 ,
772 731 819 766 ut
830 730 1028 775 puella'sub
1039 730 1132 767 dura
1143 740 1302 767 noverca
1312 730 1576 776 gravissimam

280 796 398 832 vitam
429 797 600 838 trahens,
629 797 764 833 nutrici
783 806 932 834 omnem
952 798 1112 835 dolorem
1134 798 1321 834 effundere
1342 797 1435 834 velit
1454 806 1575 843 neque

278 866 422 909 potestt
435 865 532 900 curis
547 864 647 917 enim
660 864 887 909 gravioribus
898 865 1046 902 animus
1058 868 1119 902 est
1125 866 1160 901 ei
1168 865 1330 902 afflictus
1339 865 1574 912 (268—276).

273 931 327 968 Et
349 933 504 976 questus
527 931 701 968 effundit:
726 940 749 968 ο
768 932 914 968 utinam
933 924 1081 969 mortua
1101 934 1141 968 et
1162 932 1309 977 sepulta
1328 933 1495 969 carasibi
1507 932 1572 969 filii

277 1008 391 1036 manu
412 1001 532 1042 esset,
552 1000 627 1045 qui,
646 999 757 1036 decus
776 1000 910 1036 matris
929 1000 970 1036 et
985 999 1104 1036 totius
1116 999 1219 1036 vitae
1234 1000 1394 1041 deliciae,
1406 1001 1572 1045 praemia

275 1067 503 1104 educationis
509 1070 549 1104 et
559 1068 719 1105 materni
731 1068 868 1104 amoris
883 1069 965 1104 tam
975 1069 1082 1113 grata
1094 1066 1261 1104 beneficii
1273 1068 1452 1104 memoria
1463 1068 1573 1104 refer·

276 1137 345 1173 ret.
371 1135 566 1173 Senectute
589 1136 700 1173 tristi
715 1138 756 1173 et
779 1136 844 1173 filii
867 1136 1048 1173 carissimi
1072 1138 1112 1173 et
1135 1136 1255 1182 unici,
1282 1137 1341 1173 cui
1361 1137 1429 1173 soli
1440 1146 1571 1173 zonam

277 1203 443 1246 solverit,
465 1204 650 1247 desiderio,
676 1213 718 1240 se
738 1213 827 1240 mox
845 1205 1088 1249 absumptum
1108 1205 1165 1241 iri.
1179 1204 1378 1249 Phrixum,
1392 1204 1571 1240 Phrixum

273 1272 378 1309 illum
390 1281 540 1308 causam
552 1262 664 1309 fuisse
677 1273 736 1309 tot
748 1271 939 1317 malorum,
954 1281 995 1308 se
1008 1281 1213 1316 numquam
1226 1272 1455 1317 suspicatam
1466 1270 1569 1308 esse!

274 1341 432 1376 Matrem
444 1342 660 1385 querentem
671 1339 790 1382 Iason,
799 1339 1047 1376 misericordia
1055 1341 1095 1375 et
1103 1348 1228 1376 amore
1237 1341 1456 1386 commotus,
1465 1340 1569 1377 audit

273 1418 317 1444 ac
340 1408 555 1453 respondet:
582 1408 616 1443 ei
640 1409 756 1452 aequo
780 1407 905 1443 'animo
917 1416 1066 1443 caecam
1078 1407 1344 1443 necessitatem
1357 1416 1440 1443 esse
1451 1407 1569 1444 feren-

273 1477 369 1518 dam,
383 1478 424 1512 at
436 1476 610 1519 seipsum
622 1475 783 1511 lacrimis
794 1484 867 1511 non
880 1484 989 1520 posse
1001 1475 1154 1511 retineri
1166 1476 1207 1510 et
1214 1475 1388 1511 dedecere
1396 1477 1568 1520 matrem,

272 1545 317 1580 ut
339 1553 449 1579 avem
485 1543 705 1589 infaustam,
742 1543 986 1588 proficiscenti
1019 1544 1107 1579 navi
1143 1543 1284 1579 adesse.
1315 1542 1408 1579 Eam
1437 1543 1568 1579 deinde

271 1612 422 1649 domum
445 1611 544 1648 abire
568 1613 653 1647 cu'm
677 1610 818 1647 ancillis
842 1610 975 1647 leniter
997 1610 1108 1646 iussit
1132 1608 1373 1658 <233—306).

320 1680 376 1717 Ut
398 1679 527 1725 Apollo
546 1679 662 1716 nitido
686 1678 874 1724 splendore
899 1687 965 1723 per
990 1678 1122 1715 Delum
1145 1680 1214 1715 aut
1240 1678 1388 1716 Clarum
1411 1679 1565 1726 incedit,

269 1750 324 1786 sic
360 1750 467 1786 Iason
502 1758 567 1793 per
602 1747 876 1783 multitudinem
908 1747 967 1783 ad·
993 1756 1129 1782 navem
1166 1747 1209 1783 it.
1247 1747 1371 1792 Iphias
1395 1748 1566 1785 sacerdos

270 1817 416 1863 vetula,
441 1816 477 1852 ei
500 1815 657 1857 occurit,
683 1817 727 1851 ut
752 1823 905 1851 manum
917 1814 1121 1851 osculetur:
1135 1814 1309 1850 omnibus
1322 1815 1423 1851 enim
1435 1825 1564 1852 carum

269 1888 381 1931 caput
404 1887 486 1922 erat
509 1882 628 1921 Iason.
652 1882 767 1928 Quem
791 1883 878 1920 socii
901 1882 1000 1928 apud
1024 1891 1160 1918 navem
1186 1882 1328 1918 collecti
1354 1883 1560 1920 salutatum

268 1954 415 1990 obviam
454 1953 629 1989 veniunt.
653 1951 774 1997 Quum
810 1951 973 1988 Acastus
1012 1952 1065 1996 1),
1098 1950 1219 1986 Peliae
1250 1951 1348 1996 regis
1381 1951 1496 1994 filius,
1522 1953 1562 1987 et

311 2045 343 2085 1)
365 2045 477 2078 Patre'
467 2035 563 2078 inscio
585 2047 616 2078 et
636 2046 756 2078 nolente
777 2045 909 2077 Acastus
931 2052 986 2076 sua
1008 2045 1113 2084 sponte
1135 2052 1191 2075 nec
1213 2043 1252 2074 ab
1276 2043 1386 2075 Iasone
1404 2045 1563 2100 corruptus

264 2099 353 2131 sociis
375 2108 408 2131 se
429 2099 584 2140 adiungit,
607 2100 687 2140 quod
708 2099 893 2132 demonstrat
914 2106 1038 2130 causam
1058 2096 1178 2129 Iasonis
1200 2096 1313 2128 iustam
1335 2105 1412 2128 esse.

306 2152 428 2186 Iasonis
449 2154 567 2187 labores
587 2154 677 2195 longe
698 2153 842 2186 differunt
863 2162 883 2185 a
902 2153 993 2185 rebus
1013 2151 1108 2193 gestis
1129 2151 1256 2183 aliorum
1278 2150 1412 2190 heroum,
1424 2151 1562 2191 quisine

263 2215 323 2238 non
356 2207 440 2239 solus
472 2208 524 2240 sed
556 2207 664 2240 multis
697 2216 767 2240 cum
799 2207 889 2239 sociis
920 2206 1121 2247 periculosum
1150 2205 1207 2237 iter
1229 2204 1373 2245 suscepit.
1403 2204 1490 2243 Quod
1511 2204 1563 2238 de-

261 2262 409 2294 monstrat
440 2271 501 2295 non
533 2264 597 2294 tam
631 2262 750 2295 Iasonis
784 2257 898 2295 encres
931 2270 1022 2302 quam
1055 2260 1200 2293 coloniam
1229 2268 1249 2291 a
1268 2256 1356 2300 parte
1376 2258 1561 2300 Minyarum,

262 2324 389 2355 quorum
412 2315 511 2347 socius
533 2316 625 2347 etiam
645 2316 727 2356 regis
748 2315 855 2347 filius*
846 2324 912 2355 lpse
922 2314 1023 2355 fuerit,
1035 2314 1191 2376 deductam
1202 2312 1430 2360 Argonauticae
1440 2313 1562 2345 fabulae

261 2368 356 2401 fuisse
378 2370 598 2409 argumentum.
