1874 2826
826 295 895 332 123

210 403 344 439 itinera
377 406 604 440 mercaturae
638 403 762 440 studio
794 405 970 448 suscepta
995 412 1018 439 a
1042 403 1173 447 gente,
1207 409 1302 446 quae
1326 400 1511 436 historicis

209 471 438 516 temporibus
470 465 543 508 non
576 471 651 507 iam
675 471 836 517 vigebat.
873 471 1106 516 Quamquam
1129 469 1245 515 igitur
1268 467 1511 513 Apolloniana

209 539 475 584 Argonautica,
507 540 546 575 in
571 540 699 576 multis
724 541 834 576 rebus
857 540 1030 575 inferiora
1053 539 1142 574 sunt
1166 537 1366 574 Homerica
1390 535 1510 580 poesi,

209 606 308 651 quod
331 607 468 643 attinet
491 606 538 642 ad
561 607 824 651 argumentum
848 609 888 643 et
913 606 1059 643 virilem
1079 606 1246 642 animum
1269 603 1406 641 heroici
1419 606 1510 640 tem-

208 674 329 720 poris,
366 674 499 727 multo>v
515 675 635 719 magis
666 675 713 711 iis
737 675 863 711 nocuit
887 673 1336 711 infamia-Alexandrinae
1361 672 1508 709 aetatis.

210 741 292 779 Non
316 726 526 788 negandum
549 744 609 778 est
633 742 800 779 doctrina
818 742 924 787 longe
946 742 1125 778 arcessita
1137 744 1177 778 et
1189 741 1335 778 minuta
1346 740 1511 777 laborare

209 810 359 855 saepius
382 810 509 854 poesin
534 809 839 855 Alexandrinam,
865 819 960 854 quae
985 810 1127 854 poetico
1149 809 1272 853 vigore
1293 809 1508 853 plerumque

209 877 381 912 caruerit.
421 875 604 917 Concedo,
643 876 841 912 dummodo
877 884 924 912 ne
958 875 1191 921 Apolloniae,
1229 876 1292 920 qui
1324 884 1416 911 usus
1449 877 1508 910 est

209 945 317 989 grata
341 943 520 985 veritate,
554 943 714 980 iucunda
739 943 996 989 simplicitate,
1029 942 1128 979 nullo
1152 943 1226 979 fere
1250 942 1419 987 deorum,
1445 943 1509 987 qui

211 1020 285 1048 non
297 1011 373 1047 iam
385 1010 610 1053 colebantur,
625 1012 841 1049 interventu
850 1040 859 1054 ,
873 1011 1159 1057 digressionibus
1171 1010 1339 1047 rotundis
1352 1011 1392 1047 et
1403 1020 1508 1055 argu-

211 1081 340 1116 mento
372 1079 443 1124 ipsi
476 1080 567 1115 bene
591 1079 889 1121 cohaerentibus,
929 1080 992 1124 qui
1017 1079 1165 1115 excellit
1189 1088 1332 1124 quoque
1357 1080 1509 1115 naturae

208 1147 448 1184 amoenitatis
470 1149 511 1186 et
535 1147 724 1183 nascentis
747 1147 884 1185 amoris
908 1147 1170 1193 descriptione,
1191 1156 1303 1192 quarn
1325 1155 1461 1183 novam
1473 1148 1512 1182 et

211 1218 399 1253 recentem
424 1216 619 1252 materiam
631 1225 780 1253 summa
790 1215 1022 1262 praestantia
1033 1216 1187 1262 perfecit
1195 1244 1204 1259 ,
1229 1215 1335 1251 laude
1348 1217 1388 1251 et
1400 1214 1512 1260 gloria

212 1284 348 1321 merita
372 1286 514 1320 careat!
539 1285 711 1321 Valerius
731 1284 885 1328 Flaccus
905 1287 1034 1321 contra
1053 1286 1230 1329 argentea
1242 1284 1367 1319 aetate
1380 1283 1512 1319 Roma·

212 1361 346 1388 narum
359 1351 566 1388 litterarum
579 1351 733 1388 vivebat
743 1379 752 1397 ,
779 1352 884 1388 cuius
897 1352 991 1388 bona
1003 1352 1103 1388 fama
1116 1351 1150 1387 ei
1162 1351 1244 1387 sine
1256 1350 1365 1386 dubio
1377 1349 1513 1395 profuit

209 1419 309 1465 apud
330 1419 449 1456 multa
460 1420 607 1465 ingenia
619 1420 746 1457 critica
758 1420 877 1456 nostri
890 1429 1034 1465 quoque
1046 1420 1237 1465 temporis.
1261 1419 1316 1455 Ut
1328 1419 1513 1455 Homerus

209 1487 403 1532 Apollonio
423 1488 636 1533 exemplum
649 1488 736 1529 fuit,
756 1488 809 1524 sic
820 1487 1008 1533 Vergilius
1021 1488 1169 1524 Valerio
1180 1487 1328 1532 Flacco,
1350 1487 1414 1523 sed
1427 1496 1512 1522 cum

212 1554 429 1600 Apollonius
441 1556 488 1592 ab
499 1556 659 1592 Homero
672 1555 954 1600 descriptionem
968 1556 1110 1601 epicam
1122 1558 1162 1592 et
1174 1565 1304 1592 veram
1316 1556 1513 1591 mutuatus

211 1623 280 1667 sit,
305 1622 477 1659 Valerius
501 1622 710 1667 Vergiliana
733 1623 834 1668 poesi
854 1623 930 1661 iam
951 1623 1151 1659 artificiosa
1163 1625 1202 1659 in
1213 1624 1320 1668 peius
1332 1623 1513 1659 mutanda

210 1691 387 1729 inductus
422 1693 482 1728 est
514 1693 558 1728 ut
590 1693 852 1737 argumentum
875 1691 921 1728 de
947 1691 1047 1738 Argo
1072 1692 1191 1737 prima
1215 1701 1330 1734 nave,
1368 1691 1465 1738 quod
1490 1701 1513 1728 a

193 1761 335 1807 *fabula
370 1761 621 1805 Argonautica
656 1761 816 1797 alienum
842 1763 919 1802 est,
953 1764 994 1797 et
1017 1761 1104 1797 deos
1131 1761 1288 1806 pristina
1313 1761 1512 1797 maiestate

209 1829 382 1865 carentes
406 1837 471 1874 pro
495 1828 678 1875 Apollonii
703 1831 810 1875 grata
834 1828 1071 1875 simplicitate
1092 1829 1255 1866 finxerit.
1280 1827 1373 1874 Quia
1384 1831 1511 1865 tamen

163 1886 166 1889 ¹
212 1895 366 1941 Vergilii
402 1898 609 1933 assectator
646 1897 739 1939 fuit,
776 1900 918 1934 temere
951 1900 991 1934 et
1015 1898 1095 1934 sine
1120 1907 1231 1934 causa
1255 1897 1374 1933 Flacci
1398 1897 1512 1941 gloria

209 1963 341 2000 crevit.
367 1964 502 2000 Primis
522 1965 623 2000 enim
644 1964 863 2001 Christianis
875 1966 1103 2011 temporibus
1115 1965 1300 2010 Vergilius
1312 1964 1513 2010 plurimum

213 2041 328 2069 manu
365 2035 537 2069 versatus
573 2035 634 2069 est
665 2033 789 2070 Latini
821 2034 1004 2071 sermonis
1033 2034 1194 2070 discendi
1218 2042 1329 2070 causa
1353 2034 1392 2069 et
1416 2033 1512 2078 quod

211 2100 263 2135 dii
304 2099 504 2144 Vergiliani
548 2100 705 2145 pristino
747 2100 872 2145 vigore
917 2104 958 2137 et
994 2101 1139 2146 propria
1175 2103 1308 2137 natura
1344 2101 1513 2136 carentes

212 2166 339 2212 rigidis
371 2166 604 2212 dogmatibus
632 2167 852 2205 Christianis
876 2178 949 2206 non
976 2169 1052 2206 iam
1076 2169 1175 2205 noxii
1200 2170 1305 2205 erant
1331 2168 1378 2214 1).
1405 2167 1513 2204 Prae-

257 2322 289 2362 1)
313 2321 359 2354 Cf.
380 2321 413 2353 J.
435 2321 471 2354 L.
493 2322 587 2354 Sirks.
611 2322 766 2363 Vergilius
788 2323 835 2355 als
856 2323 1002 2364 Dichter,
1025 2323 1121 2364 Wiize
1142 2333 1180 2356 en
1204 2323 1383 2356 Toovenaar.
1407 2323 1515 2365 Progr.

209 2381 320 2421 Gymn.
343 2380 517 2422 Groningen
541 2380 769 2414 1874-1875.
