1874 2826
945 267 991 303 72

317 382 437 418 usque
457 377 587 419 poetae
608 374 869 418 intelligamus.
895 373 1041 417 Quanta
1061 373 1159 409 enim
1182 374 1263 408 arte
1284 374 1324 408 et
1335 372 1630 429 veritate'Apole

314 440 436 478 Ionius
460 442 565 479 nobis
590 441 839 478 miserrimum
864 443 904 477 et
927 441 1046 477 macie
1070 440 1279 477 confectum
1303 440 1621 485 senem-depinxit

319 507 563 556 (194·=208)l
585 509 738 545 Victum
762 508 893 545 Phinei
914 510 954 544 et
973 510 1187 554 promptum
1208 498 1376 544 animum
1388 516 1474 552 ergo
1486 508 1622 544 oraculi
1693 548 1698 553 ,

318 578 562 621 consultores,
588 577 684 613 dona
696 577 835 613 civium
856 578 1064 623 gratorum,
1084 577 1379 613 benevolentiam
1391 578 1431 613 et
1438 584 1621 622 amorem,
1698 572 1702 575 ’

319 646 453 690 quibus
476 646 637 682 Phineus
662 648 703 682 et
726 645 924 682 Paraebius
948 655 989 681 se
1017 645 1214 691 adiuvant,
1236 634 1435 682 admodum
1455 644 1622 682 desidero

319 713 358 749 in
396 714 556 749 carmine
588 714 745 754 Valerii,
779 713 844 758 qui
881 722 992 759 saepe
1023 713 1152 758 longas
1175 712 1421 759 digressiones
1445 713 1491 749 ab
1516 722 1623 758 argu-
1650 734 1669 754 a

318 782 445 818 mento
481 782 621 818 alienas
653 783 822 819 inseruit.
872 789 1043 828 Agnosco
1079 782 1181 819 illam
1218 791 1361 819 moram
1397 782 1435 818 in
1468 781 1621 827 Thynea

318 850 465 893 regione
497 859 612 885 unam
645 860 728 886 esse
762 860 783 886 e
807 851 956 892 multis,
982 851 1116 894 quibus
1136 851 1280 887 animos
1304 850 1482 886 lectorum
1508 849 1620 885 delec-

318 916 423 952 tandi
455 926 569 953 causa
601 918 863 964 mythographi
887 920 928 955 et
950 918 1401 964 poetaeArgonautarum
1424 917 1497 954 iter
1519 917 1623 953 ador-

318 986 503 1021 naverint.
547 986 620 1022 Sed
653 987 871 1031 Apollonius
904 988 1046 1031 poetico
1079 987 1225 1031 ingenio
1256 986 1351 1022 tales
1376 986 1623 1031 digressiones

318 1054 357 1089 in
381 1053 540 1090 formam
564 1057 706 1091 certam
730 1055 911 1101 redigere,
937 1057 1063 1091 status
1085 1064 1209 1091 rerum
1221 1054 1486 1099 hominumque
1499 1062 1623 1090 mores

321 1121 517 1166 depingere
542 1125 583 1158 et
606 1122 792 1158 illustrare
816 1123 912 1159 solet
935 1123 1038 1167 copia
1057 1122 1262 1167 imaginum
1274 1122 1572 1166 gratissimarum
1583 1124 1623 1157 et

321 1190 638 1233 comparationum
645 1190 710 1236 ita,
720 1192 764 1227 ut
772 1190 920 1235 epicum
931 1199 1078 1227 carmen
1085 1189 1390 1235 Alexandrinum,
1397 1198 1623 1235 quamquam

320 1258 439 1293 multa
464 1258 630 1293 doctrina
655 1249 693 1294 et
718 1259 880 1294 locorum
905 1259 1170 1302 hominumque
1193 1258 1404 1293 nominibus
1429 1248 1621 1302 laborans,

319 1325 482 1361 abundet
505 1328 587 1362 arte
613 1327 653 1362 et
677 1327 889 1363 venustate.
915 1326 1039 1371 Longo
1063 1326 1237 1363 vaticinio
1257 1325 1419 1362 Phineus
1432 1327 1622 1371 Argonau-

319 1396 379 1429 tas
415 1394 522 1430 docet
559 1395 747 1439 regiones,
772 1396 944 1440 flumina,
983 1405 1078 1440 quae
1103 1395 1319 1431 Haemoniis
1343 1395 1435 1430 viris
1459 1396 1621 1438 praeter-

319 1462 527 1507 naviganda
577 1463 671 1499 sint:
711 1472 804 1508 quae
840 1463 1019 1500 materies
1056 1463 1174 1500 multo
1210 1462 1332 1499 labore
1368 1464 1409 1499 et
1440 1462 1624 1498 industria

320 1531 452 1567 multis
483 1541 504 1567 e
538 1532 687 1575 scriptis
720 1533 946 1577 conquisita,
980 1536 1024 1569 ut
1057 1542 1078 1568 e
1107 1532 1388 1568 scholiastarum
1418 1531 1621 1567 adnotatio-

320 1598 430 1635 nibus
475 1599 666 1645 videmuS,
720 1601 1005 1637 consuetudines
1050 1600 1148 1636 illius
1183 1600 1321 1636 saeculi
1357 1600 1397 1635 et
1434 1599 1623 1635 doctrinae

320 1667 609 1703 ostentationem
664 1668 812 1704 indicat.
871 1668 1102 1713 Quamquam
1151 1667 1522 1704 animadvertendum
1564 1669 1625 1702 est

320 1736 555 1780 Apollonium
592 1739 746 1772 naturae
770 1738 1036 1773 amoenitatem
1060 1740 1101 1772 et
1125 1737 1242 1772 situm
1266 1737 1428 1771 locorum
1453 1736 1558 1778 grato
1583 1737 1622 1768 et

321 1804 425 1839 vario
450 1804 557 1839 modo
582 1804 834 1849 descripsisse.
860 1805 915 1841 De
939 1805 1086 1841 Valerio
1111 1807 1240 1841 autem
1264 1803 1393 1839 Flacco
1405 1803 1496 1839 nihil
1508 1803 1624 1839 habeo

320 1871 417 1915 quod
454 1871 592 1907 dicam:
629 1872 865 1915 Apollonium
901 1873 1072 1908 imitatus
1097 1881 1171 1907 non
1196 1871 1303 1906 laude
1328 1870 1461 1915 dignus
1486 1873 1562 1915 est,
1589 1871 1622 1906 si

320 1941 415 1975 bona
448 1941 488 1975 et
525 1941 632 1984 grata
670 1940 868 1975 mutuatus
904 1942 986 1982 est,
1024 1948 1093 1975 nec
1126 1938 1388 1984 ignoscendum
1409 1941 1473 1975 est
1498 1938 1552 1982 ei,
1590 1939 1622 1974 si

320 2008 459 2052 recepit
494 2017 589 2051 quae
625 2007 810 2051 Apollonii
847 2007 979 2042 Rhodii
1016 2006 1255 2042 bibliothecae
1284 2005 1460 2050 praefecti
1484 2015 1624 2041 munus

320 2078 359 2112 et
383 2076 578 2121 disciplina
602 2084 781 2111 excusare
803 2077 927 2120 potest
946 2074 1041 2121 (Val.
1063 2074 1179 2110 Flacc.
1202 2075 1224 2109 4
1247 2084 1256 2109 ε
1279 2074 1491 2116 421-636,
1514 2075 1621 2119 Apol.

321 2145 342 2179 2
370 2156 378 2177 ε
403 2143 620 2185 178-536).

370 2211 551 2247 Postridie
589 2220 700 2246 mane
732 2210 972 2254 Argonautae
997 2209 1135 2246 iterum
1159 2218 1261 2245 mare
1285 2211 1438 2254 petunt,
1472 2211 1621 2246 auctore

320 2279 511 2322 Apollonio
549 2279 704 2315 minime
729 2278 868 2323 pavidi,
895 2278 1099 2314 secundum
1122 2277 1311 2314 Valerium
1337 2278 1475 2314 resides
1498 2278 1622 2314 formi-

321 2345 405 2382 dine
442 2345 555 2393 (626).
594 2346 757 2383 Phineus
793 2346 892 2382 enim
929 2346 976 2382 iis
1012 2355 1156 2390 quoque
1192 2346 1237 2382 de
1273 2346 1424 2391 rupibus
1463 2345 1624 2390 Cyaneis
