1874 2826
997 299 1066 334 106

378 407 520 442 terram
557 405 814 443 iusiurandum
851 405 934 446 det,
971 414 1044 449 quo
1081 404 1332 450 obstringatm·
1370 405 1498 442 Phrixi
1529 408 1570 443 et
1594 415 1682 443 suos

377 472 473 510 filios
497 483 519 510 e
543 473 702 518 periculo
727 472 888 517 eripere,
914 472 960 509 cf.
988 473 1059 509 705
1084 481 1162 517 seq.

503 538 544 580 ὣς
568 539 610 583 ἂρ
635 538 723 583 ἔφη,
749 539 787 574 τὸ
812 539 848 575 δὲ
874 539 997 576 πολλὸν
1022 538 1208 584 ὑπεξέχυτ’
1234 539 1358 575 αὐτίκα
1382 539 1495 584 δάκρυ.

501 605 602 642 νειόθι
629 606 874 651 δἀμφοτέρησι
898 606 1081 652 περίσχετο
1105 606 1253 650 γούνατα
1277 607 1411 652 χερσίν,

499 688 557 710 συν
581 674 619 710 δὲ
644 674 727 719 κάρη
753 674 889 714 κόλποις
916 674 1193 720 περικάββαλεν,
1219 674 1429 711 ἔνθ’ἐλεεινὸν

498 741 611 786 ἄμφω
636 743 691 778 ἐπ’
718 743 885 788 α’λλήλησι
910 742 1018 778 θέο-αν
1041 742 1126 785 γόον·
1152 740 1230 787 ὦρτο
1256 742 1344 783 δ’ἶωὴ

499 810 677 852 λεπταλέη
701 810 759 846 διὰ
786 810 916 854 δώματ’
943 810 1138 856 ὀδυρομένων
1164 811 1336 855 ἀχέεσσιν.

424 879 594 915 Medeam
633 880 858 925 rogitantem
895 889 967 925 quo
1005 880 1113 917 modo
1150 880 1319 923 Iasonem
1353 880 1528 917 adiuvare
1559 879 1680 925 possit

374 946 595 984 adhortatur
632 946 841 993 Chalciope,
878 950 922 984 ut
958 950 1025 984 aut
1048 948 1172 985 dolum
1196 950 1264 984 aut
1287 948 1474 992 quandam
1497 949 1679 986 rationem

374 1015 591 1051 certaminis
609 1017 760 1060 propter
779 1016 912 1052 liberos
925 1016 1135 1061 excogitet:
1161 1016 1305 1061 Argum
1317 1017 1365 1052 ab
1376 1016 1507 1052 Iasone
1520 1017 1678 1053 missum

375 1091 417 1118 se
442 1083 677 1128 incitavisse,
703 1085 748 1119 ut
772 1083 943 1120 sollicitet
968 1084 1115 1120 Medeae
1139 1084 1331 1121 auxilium.
1362 1083 1503 1121 Deinde
1516 1084 1587 1121 724
1600 1093 1677 1129 seq,

376 1146 418 1187 ὣς
427 1147 521 1191 Φατο
530 1150 762 1196 (Chalciope).
777 1155 818 1194 τῇ
828 1151 1004 1196 (Medeae)
1013 1149 1197 1190 δ’ἔντοςθεν
1206 1150 1378 1186 ἀνέπτατο
1386 1151 1546 1195 χάρματι
1555 1150 1678 1194 θυμός,

498 1215 665 1261 Φοινίχθη
690 1216 847 1260 δ’ἄμυδις
871 1217 974 1253 καλὸν
997 1217 1104 1262 χρόα,
1129 1217 1194 1253 καδ
1220 1217 1256 1253 δέ
1282 1231 1341 1261 μιν
1366 1217 1483 1263 ἀχλὺς

498 1282 586 1319 εἷλεν
612 1285 811 1328 ἰαινομένην,
838 1290 921 1320 τοῖον
946 1285 1036 1321 δ’ἐπι
1064 1284 1172 1328 μῦθον
1197 1284 1317 1321 ἔειπεν·

421 1352 470 1390 Et
502 1354 602 1391 laeta
631 1354 823 1400 pollicetur
846 1364 887 1396 se
912 1364 995 1392 cras
1020 1355 1058 1392 in
1085 1355 1266 1401 templum
1291 1355 1455 1392 Hecates
1479 1357 1677 1393 venturam

372 1431 457 1458 esse
490 1424 535 1459 ut
566 1423 688 1459 Iasoni
722 1423 967 1460 medicamina
990 1424 1065 1461 det.
1105 1424 1226 1468 Quum
1251 1422 1442 1469 Chalciope
1467 1432 1488 1460 e
1513 1424 1676 1462 thalamo

372 1500 502 1528 rursus
526 1492 637 1538 abiit,
663 1492 764 1529 illam
789 1492 911 1537 ipsam
936 1492 1052 1538 pudor
1075 1494 1114 1529 et
1134 1495 1259 1529 metus
1279 1494 1453 1538 occupat,
1478 1492 1677 1537 quodtalia

373 1560 502 1594 contra
526 1562 673 1603 patrem
699 1560 888 1596 deliberat.

422 1625 477 1661 Ut
510 1630 688 1672 appareat
713 1630 939 1673 quantopere
964 1628 1085 1673 poesis
1109 1628 1361 1664 Alexandrina
1385 1626 1590 1671 Vergilium
1615 1626 1675 1673 (cf.

372 1694 452 1730 libr.
477 1693 531 1730 IV
549 1706 558 1730 :
573 1695 658 1737 220)
684 1698 722 1731 et
746 1695 918 1732 Ovidium
943 1704 1085 1741 quoque
1112 1694 1237 1742 (Trist.
1267 1699 1284 1731 1
1300 1705 1309 1731 z
1325 1695 1370 1730 3:
1387 1694 1447 1739 27)
1472 1694 1674 1737 adiuverit,

372 1761 528 1798 laudabo
552 1772 686 1798 versus
712 1764 783 1798 744
810 1765 849 1799 et
873 1765 1092 1807 sequentes:

496 1827 554 1870 νὺξ
578 1828 642 1871 μὲν
668 1828 835 1864 ἔπειτ’ἐπι
859 1831 964 1871 γαῖαν
988 1828 1072 1871 ἄγεν
1096 1828 1237 1873 κνέφας·
1264 1828 1292 1863 οἱ
1316 1829 1393 1864 δ’ἑνι
1424 1828 1529 1874 πόντῳ

495 1896 643 1932 ναυτίλοι
668 1896 715 1937 εἶς
743 1897 876 1938 Ἑλίκην
900 1910 939 1932 τε
964 1896 1021 1932 καὶ
1045 1897 1191 1941 ἀστέρας
1216 1896 1372 1941 Ὠρίωνος

495 1964 631 2009 ἔδρακον
654 1966 691 2000 ἐκ
716 1968 804 2006 νηῶν·
830 1964 939 2000 ὕπνοιο
965 1965 1003 1999 δὲ
1029 1965 1089 2000 καί
1111 1977 1163 2005 τις
1188 1965 1296 2006 ὁδίτης

493 2032 553 2074 ἤδη
577 2033 636 2069 καὶ
661 2034 832 2078 πυλαωρὸς
857 2033 1002 2069 ἐέλδετο·
1028 2033 1089 2069 καί
1110 2046 1185 2069 τινα
1210 2033 1338 2069 παίδων

493 2102 625 2146 μητέρα
650 2101 839 2138 τεθνεώτων
866 2101 973 2137 ἀδινὸν
997 2115 1072 2145 περι
1099 2104 1184 2145 κῶμ’
1210 2101 1411 2138 ἐκάλυπτεν.

491 2170 525 2205 οὗ
551 2170 588 2205 δὲ
613 2173 712 2205 κυνῶν
736 2170 843 2211 ὑλακὴ
869 2169 917 2205 ἔτ’
943 2170 1009 2205 ἀνα
1035 2170 1172 2210 πτόλιν,
1197 2170 1231 2205 οὐ
1256 2169 1351 2215 θρόος
1376 2169 1428 2211 ἦεν

491 2239 609 2282 ἠχήεις
635 2239 723 2282 τιγη
747 2238 785 2274 δὲ
810 2238 1051 2281 μελαινομένην
1077 2237 1158 2283 ἔχεν
1182 2238 1310 2283 ὄρφνην.

416 2306 497 2351 Qua
534 2308 681 2353 egregia
714 2308 987 2353 comparatione
1021 2316 1129 2344 mens
1160 2316 1284 2344 amore
1309 2309 1458 2348 turbata
1482 2310 1522 2346 et
1547 2308 1673 2354 quieta

369 2384 442 2411 nox
467 2377 714 2421 opponuntur.
