1874 2826
909 314 978 356 104

281 424 419 469 aliquis
444 434 663 471 magnopere
689 413 794 470 optat
819 427 863 461 ut
887 425 1116 477 fiant,shaec
1131 424 1282 460 evenire
1294 433 1472 470 persaepe
1493 435 1589 463 som·

283 492 357 527 niis
392 493 517 529 videre
554 492 656 528 solet.
697 492 846 528 Medeae
883 492 1047 528 solverat
1071 494 1178 528 artus
1202 492 1409 528 altissimus
1435 501 1589 529 somnus

284 561 325 596 et
362 561 483 598 dolore
520 560 689 605 curisque
727 561 841 597 libera
874 561 1087 605 quiescebat
1109 560 1231 606 puella
1254 560 1293 596 in
1317 560 1412 597 lecto
1437 561 1587 598 cubans.

283 627 333 665 Et
357 630 564 666 somniabat
588 622 759 665 Iasonem
784 629 822 665 in
847 630 977 665 urbem
1002 628 1145 665 Aeetae
1168 629 1318 665 venisse
1342 638 1416 665 non
1441 628 1589 665 velleris

285 698 352 733 sed
388 707 456 734 sua
492 707 624 738 causaz
660 697 791 733 deinde
825 707 866 734 se
897 697 1019 742 ipsam
1051 707 1138 734 cum
1170 698 1289 734 tauris
1313 697 1588 742 depugnantem

282 765 481 801 admodum
504 765 650 801 facilem
671 757 834 802 laborem
856 766 999 811 subire,
1018 775 1105 802 suos
1117 775 1205 802 vero
1223 766 1396 811 parentes
1408 764 1589 809 promisso

283 843 357 869 non
395 834 515 876 stare,
552 835 727 878 quoniam
761 843 835 870 non
868 843 908 871 se
942 834 1007 871 sed
1039 834 1211 871 Iasonem
1243 833 1394 879 periculi
1417 827 1587 869 nescium

284 902 396 936 boves
408 901 559 945 iungere
571 902 772 938 iussissent
782 914 791 943 ;
805 902 934 947 iurgiis
946 904 986 938 et
997 903 1232 938 contentione
1244 904 1374 938 exorta
1387 905 1588 946 utrumque

284 968 354 1004 sibi
387 957 581 1005 arbitrium
613 969 846 1015 permisisse:
872 970 992 1015 ipsam
1017 972 1145 1006 autem
1170 970 1347 1016 neglectis
1371 970 1588 1016 parentibus

284 1037 471 1082 hospitem
496 1038 565 1074 sibi
590 1038 746 1083 elegisse
762 1038 817 1084 1),
843 1047 916 1083 quo
936 1039 995 1075 illo
1015 1038 1158 1083 ingenti
1178 1039 1297 1075 dolore
1320 1040 1420 1085 capti
1441 1042 1481 1076 et
1503 1039 1588 1075 irati

285 1105 548 1142 exclamarent.
577 1106 631 1142 Ut
656 1106 719 1149 fit,
748 1097 869 1143 medio
894 1115 916 1142 e
940 1107 1083 1142 somnio
1107 1107 1364 1152 expergefacta
1389 1107 1537 1144 Medea:

361 1173 565 1216 Παλλομένη
590 1173 772 1218 aaz-adponere
798 1174 915 1218 Φόβῳ,
942 1174 1019 1218 περί
1040 1174 1175 1219 τὀὶμφί
1197 1188 1236 1210 τε
1260 1174 1394 1218 τοίχους

360 1239 534 1280 πάπτηνεν
559 1239 742 1283 θαλάμοιο·
770 1241 869 1283 μόλις
893 1240 1124 1285 δ’ἐσαγείρατο
1148 1241 1239 1284 θυμό
1265 1255 1283 1276 ν

359 1309 400 1348 ὥς
426 1308 530 1353 παρος
551 1309 584 1344 ἐν
610 1308 769 1354 στέρνοις,
794 1308 905 1350 οἱδινὴν
929 1308 1150 1344 δὀἱνενείκατο
1175 1309 1284 1354 φωνήν
1306 1311 1511 1347 615—635.
1550 1294 1552 1296 v

337 1404 353 1422 „
366 1377 446 1413 Vae
481 1377 615 1421 mihi”‚
648 1379 852 1420 exclamat,
892 1405 907 1423 „
920 1381 1102 1423 quantum
1136 1388 1196 1414 me
1221 1379 1349 1423 gravia
1374 1380 1588 1415 terruerunt

284 1445 446 1489 somnia,
484 1446 564 1482 sed·
586 1447 646 1483 ille
684 1447 911 1495 despondeat
946 1447 1016 1483 sibi
1053 1436 1126 1483 suo'
1157 1447 1195 1483 in
1229 1447 1361 1492 populo
1385 1447 1587 1483 Achaicam

284 1514 408 1558 procul
428 1515 588 1559 puellam
609 1514 762 1562 (frustra
784 1525 825 1551 se
846 1515 970 1551 fallere
992 1515 1120 1551 studet
1137 1515 1202 1550 sed
1215 1515 1331 1551 amori
1344 1515 1586 1560 succumbit):

284 1583 452 1617 attamen
485 1582 651 1628 deposito
676 1592 788 1619 saevo
812 1583 936 1619 animo
961 1583 1036 1619 iam
1061 1582 1263 1628 periculum
1289 1582 1439 1627 faciam,
1466 1582 1499 1618 si
1525 1592 1587 1619 me

283 1650 463 1686 auxilium
488 1659 614 1686 meum
638 1654 811 1695 rogatura
836 1651 887 1687 sit
909 1650 1120 1696 Chalciope,
1141 1651 1185 1687 de
1206 1651 1285 1687 suis
1306 1651 1460 1700 sollicita
1480 1651 1585 1687 filiis:

285 1727 379 1762 quae
404 1719 553 1762 quidem
576 1728 637 1755 res
662 1719 753 1755 mihi
775 1720 949 1755 acerbum
961 1719 1000 1754 in
1014 1721 1158 1764 pectore
1171 1719 1369 1764 extinguat
1381 1719 1542 1756 dolorem
1552 1719 1585 1756 ¹¹.

287 1786 359 1823 645
385 1796 482 1832 seq.:

409 1852 429 1895 ἦ
452 1857 510 1899 ῥα,
536 1854 593 1890 καὶ
618 1854 808 1899 ὀρθωθεῖσα
833 1854 939 1899 θύρας
964 1853 1039 1896 ὤιξε
1064 1854 1193 1897 δόμοιο,

408 1923 562 1964 νηλίπος,
589 1923 720 1963 οἰέανος·
746 1923 803 1958 καὶ
827 1923 866 1963 δὴ
892 1923 1023 1964 λελίητο
1048 1923 1204 1964 νέεσθαι,

407 1991 746 2034 αὐτοκασιγνήτηνδε,
771 1990 830 2026 καὶ
854 1989 961 2036 ἕρκεος
987 1991 1073 2027 οὐδὲν
1098 1990 1257 2036 ἄμειψεν.

407 2061 463 2101 δῆν
488 2061 524 2096 δὲ
549 2062 626 2096 κατ’
653 2059 773 2095 αὐτόθι
801 2059 923 2102 μίμνεν
948 2059 992 2094 ἑνὶ
1018 2060 1168 2104 προδόμῳ
1193 2059 1387 2102 θαλάμοιο,

408 2129 497 2165 αἰδοῖ
517 2128 704 2173 ἐεργομένη·
732 2140 825 2170 μετα
851 2126 1044 2172 δ’ἔτράπετ’
1072 2125 1167 2168 αὖτις
1193 2128 1316 2163 ὀπίσσω

408 2197 620 2243 στρεφθεῒσ’·
647 2198 684 2232 ἐκ
709 2197 747 2232 δὲ
774 2195 878 2231 πάλιν
902 2196 969 2232 κίεν
994 2196 1141 2238 ἔνδοθεν,
1167 2196 1221 2241 ἄψ
1246 2196 1427 2232 τὀὶλέεινεν

329 2348 363 2392 1)
398 2350 481 2382 nlud
502 2352 599 2384 mm
623 2349 733 2390 (63l):
756 2348 836 2389 quod
858 2348 1012 2388 significat
1034 2348 1141 2388 elegit,
1164 2349 1245 2380 recte
1267 2348 1313 2379 est
1332 2335 1589 2379 verbumamantis

284 2405 417 2449 puellae,
440 2415 501 2440 non
522 2408 580 2440 viri
603 2408 656 2448 qui
678 2406 897 2440 arbitrium·de
919 2416 951 2439 re
973 2406 1059 2447 gravi
1081 2406 1204 2447 profert.
