1874 2826
573 759 704 798 Valerii
731 760 850 799 Flacci
877 760 966 798 liber
990 760 1144 808 quintus.

258 879 330 914 Sed
354 879 447 914 satis
471 878 590 914 adhuc
615 878 660 914 de
680 879 740 914 his
764 879 937 914 omnibus
951 881 991 914 et
1004 879 1049 914 de
1061 879 1361 923 Argonautarum
1372 879 1503 914 itinere

207 949 357 993 praeter
393 947 500 983 litora
536 946 645 983 Ponti
678 945 824 982 Euxini.
862 946 1079 991 Antequam
1111 947 1239 982 autem
1271 945 1504 982 valerianam

209 1024 334 1051 rerum
379 1016 569 1059 gestarum
606 1014 770 1050 ordinem
809 1023 1010 1058 exponam,
1044 1014 1412 1050 animadvertendum
1448 1017 1506 1050 est

210 1085 272 1119 est
291 1082 492 1123 Valerium,
513 1082 576 1126 qui
596 1081 806 1118 aedificium
822 1081 869 1117 ab
882 1080 1072 1126 Apollonio
1084 1083 1319 1117 exstructum
1331 1080 1507 1117 caducum

211 1150 335 1186 effecit
367 1152 406 1185 et
443 1150 589 1185 ruinam
613 1148 808 1194 daturum,
841 1149 881 1184 in
908 1149 1074 1185 carmine
1099 1158 1167 1185 suo
1191 1148 1293 1185 libris
1315 1147 1509 1184 dividendo

211 1220 293 1254 tam
318 1218 412 1253 mira
435 1218 577 1253 ratione
602 1226 714 1253 usum
738 1225 840 1258 esse,
869 1217 975 1261 quasi
998 1216 1081 1253 libri
1104 1225 1302 1253 numerum
1325 1216 1509 1261 quendam

212 1295 390 1322 versuum
413 1286 563 1320 tantum
588 1284 733 1328 explere
758 1284 918 1320 debeant
941 1294 1010 1320 nec
1030 1284 1140 1320 factis
1160 1285 1221 1320 vel
1241 1285 1366 1320 ordine
1386 1293 1510 1320 rerum

212 1354 414 1399 exsistant,
440 1353 537 1389 unde
562 1353 704 1388 factum
729 1353 781 1388 sit
804 1353 860 1388 ut·
872 1353 1102 1397 gravissimis
1126 1353 1237 1389 rebus
1248 1362 1357 1388 omne
1368 1353 1510 1397 pondus

210 1420 454 1465 adempserit:
474 1419 650 1464 appulsus
669 1419 709 1455 in
731 1418 854 1464 Cyzici
874 1429 1030 1464 regnum
1051 1421 1091 1456 et
1110 1422 1232 1456 taetra
1251 1429 1374 1465 pugna
1389 1419 1510 1455 reditu

212 1489 514 1533 Argonautarum
551 1486 750 1523 commissa
786 1486 826 1522 in
862 1486 936 1522 fine
973 1487 1054 1523 libri
1088 1487 1240 1524 secundi
1271 1489 1311 1523 et
1343 1488 1382 1524 in
1405 1488 1510 1524 initio

212 1556 295 1591 libri
313 1555 416 1591 tertii
435 1555 557 1600 posita
577 1556 637 1590 est
662 1554 720 1600 1),
740 1554 918 1599 digressio
939 1555 986 1591 ad
1007 1557 1148 1591 sortem
1158 1555 1328 1592 Herculis
1339 1565 1509 1592 enarran-

213 1623 301 1659 dam
324 1623 398 1659 fine
421 1622 502 1658 libri
526 1622 629 1659 tertii
652 1622 809 1667 abrupta
833 1625 872 1659 et
884 1622 924 1658 in
943 1622 1037 1658 duas
1057 1624 1184 1668 partes
1205 1622 1326 1659 divisa
1339 1621 1397 1670 2),
1410 1632 1511 1659 mora

214 1691 253 1727 in
277 1691 376 1737 regis
400 1691 489 1737 Lyci
513 1692 661 1737 regione
686 1689 729 1738 3)
749 1691 787 1727 in
813 1691 956 1728 duobus
979 1676 1124 1736 quoque
1141 1691 1243 1728 libris
1263 1694 1412 1728 nauata
1432 1693 1509 1728 est:

212 1768 307 1803 quae
344 1760 468 1796 omnia
503 1768 642 1795 nexum
678 1759 867 1795 infirmum
904 1762 944 1796 et
979 1769 1117 1804 vagum
1153 1760 1323 1797 reddunt.
1366 1760 1509 1797 Vitium

214 1836 358 1872 quoque
393 1829 470 1873 est,
509 1828 605 1873 quod
640 1828 726 1864 finis
763 1828 844 1865 libri
880 1828 1031 1864 secundi
1064 1831 1104 1865 et-
1135 1828 1217 1865 libri
1247 1829 1371 1874 quarti
1397 1829 1511 1865 nimia

213 1896 455 1932 similitudine
474 1896 650 1932 laborant.
675 1896 779 1932 Haeo
799 1896 924 1932 omnia
942 1897 1049 1941 longe
1069 1899 1221 1941 superat
1241 1897 1332 1933 liber
1341 1898 1508 1942 quintus,

214 1964 278 2001 ubi
303 1965 602 2010 Argonautarum
626 1974 674 2001 ne
698 1964 882 2002 adventus
907 1964 1058 2010 quidem
1082 1965 1119 2002 in
1142 1965 1349 2003 Colchidem
1369 1965 1510 2002 efficere

214 2033 353 2078 potuit,
379 2035 424 2068 ut
447 2032 617 2068 Valerius
642 2034 700 2068 tot
723 2041 848 2068 rerum
872 2034 1066 2077 gestarum
1091 2033 1225 2070 seriem
1244 2033 1317 2070 fine
1337 2033 1417 2069 libri
1429 2042 1512 2068 oon-

216 2100 377 2137 cluserit.

261 2258 295 2303 1)
317 2260 447 2294 2—635
470 2261 509 2293 ad
529 2261 637 2301 finem,
661 2262 681 2295 3
706 2272 714 2293 :
741 2261 880 2295 1—4458.

260 2318 296 2362 2)
320 2320 340 2351 3
364 2331 372 2351 :
396 2319 459 2351 487
482 2319 521 2351 ad
542 2319 647 2359 finem,
670 2320 693 2352 4
716 2332 723 2352 :
748 2320 866 2353 1482.

260 2378 295 2418 3)
317 2377 340 2409 4
362 2388 370 2409 ι
394 2377 457 2409 733
479 2377 518 2409 ad
540 2377 649 2416 finem,
674 2377 725 2409 5:
754 2378 807 2410 72.
