1874 2826
996 300 1065 336 1¹08

378 407 575 452 compellet
601 409 640 442 et
665 407 910 442 medicamina
935 407 1017 451 det,
1045 409 1085 442 et
1108 409 1152 443 ut
1178 407 1233 443 sol
1258 408 1398 443 oriatur
1425 411 1506 444 tam
1531 408 1683 453 cupiens

380 474 454 510 822
481 483 578 517 seq.:

553 539 661 576 πυκνοὶ
685 539 784 576 δ’ἆνοι
807 539 951 582 κληῖδας
976 541 1034 576 ἑῶν
1061 540 1180 577 λύεσκε
1206 539 1354 585 θυράων,

550 607 673 650 αἴγλην
695 608 927 650 σκεπτομένη,
953 614 995 653 τῇ
1019 608 1219 644 δ’ἆσπάσιον
1245 608 1336 650 βάλε
1362 608 1504 653 Φέγγος.

551 676 747 720 Ἠρεγενὴς,
773 675 900 712 κίνυντο
925 676 1023 713 δὀὶνοι
1047 675 1245 722 πτολίεθρον
1270 675 1415 713 ἕκαστοι.

427 746 498 780 His
523 745 816 782 dubitationibus
840 749 882 782 et
903 747 1019 782 anxia
1043 749 1171 782 mente
1191 748 1363 782 teneram
1382 746 1542 791 puellam
1555 747 1683 783 vexari

379 813 581 859 antequam
615 823 656 850 se
689 813 861 851 omnibus
885 814 1057 860 periculis
1080 824 1146 860 pro
1170 814 1250 851 viro
1275 814 1401 852 amato
1425 814 1558 852 obiciat
1589 816 1684 853 bene

378 882 565 918 intellexit
588 883 819 926 Apollonius:
855 892 899 918 eo
924 883 1062 918 maiore
1087 883 1331 918 admiratione
1357 883 1467 926 digna
1486 885 1560 928 est,
1587 883 1684 926 quod

378 957 452 985 non
478 958 587 986 suam
613 949 678 986 sed
704 949 802 986 illius
822 949 983 986 salutem
1005 958 1140 986 curans
1153 948 1254 986 omni
1267 958 1377 995 opera
1389 949 1493 986 illum
1506 950 1684 987 servavit.

379 1017 588 1054 802—824.
1249 1028 1251 1030 ’

429 1085 565 1121 Induta
588 1086 739 1130 peplum
764 1086 955 1130 pulchrum
981 1086 1152 1130 vestigiis
1177 1086 1308 1122 doloris
1334 1089 1373 1122 et
1394 1087 1525 1123 dubiae
1545 1086 1686 1122 mentis

383 1152 542 1189 detersis
567 1153 648 1198 ipsa
672 1154 744 1190 835
772 1162 863 1198 seq.:

700 1221 801 1256 αὐτοῦ
826 1221 863 1256 δὲ
889 1221 1001 1264 δόμοις
1025 1221 1239 1257 ἕνιδινεύουσοι

554 1288 671 1332 στεῖβε
698 1289 796 1325 πέδον
821 1289 909 1335 λήθῃ
935 1290 1067 1334 ἀχέων,
1093 1289 1139 1325 τοί
1165 1290 1192 1325 οἱ
1217 1291 1251 1325 ἐν
1276 1291 1371 1327 ποσὶν
1399 1288 1451 1332 ἦεν

553 1355 710 1392 θεσπέσι’
736 1357 832 1393 ἄλλά
857 1359 888 1393 τ’
916 1357 1060 1400 ἔμελλεν
1085 1357 1296 1400 ἀεξήσεσθαι
1320 1358 1454 1396 ὀπίσσω.

430 1424 551 1461 Tanta
589 1426 751 1462 veritate
788 1435 862 1462 non
898 1427 1013 1462 animi
1050 1428 1318 1464 commotiones
1356 1428 1452 1464 solas
1490 1428 1685 1474 descripsit

381 1493 600 1538 Apollonius
633 1495 696 1531 sed
721 1495 892 1532 habitum
917 1498 1061 1541 totum,
1087 1497 1256 1540 vultum,
1281 1497 1488 1541 ingressum
1513 1497 1620 1541 quasi
1643 1496 1683 1532 in

381 1565 568 1608 tempore,
607 1572 679 1607 quo
715 1563 816 1598 nulla
847 1573 910 1599 ars
944 1565 1089 1600 scenica
1113 1564 1256 1608 floruit,
1295 1566 1421 1599 noster
1446 1565 1534 1600 ante
1559 1564 1686 1600 oculos

381 1630 551 1666 habuerit
585 1630 811 1666 clarissimas
844 1632 1000 1667 actrices
1025 1632 1190 1667 scenicas
1215 1631 1326 1667 huius
1349 1631 1497 1667 aetatis.
1532 1631 1684 1667 Memini

382 1700 550 1735 nostram
576 1691 851 1735 celeberrimam
872 1699 1329 1735 Frenkel-Bouwmeester
1343 1709 1517 1744 magnam
1530 1700 1683 1744 gloriam

381 1766 556 1812 adipisci,
596 1766 692 1810 quod
726 1767 764 1802 in
798 1767 916 1811 primo
941 1768 1030 1803 actu
1054 1766 1234 1802 dramatis
1262 1766 1473 1813 „Fedora”‚
1499 1777 1522 1803 a
1547 1767 1684 1804 Gallico

381 1837 492 1879 poeta
529 1834 669 1870 sardou
707 1834 853 1879 scripti,
891 1834 1044 1870 anxiam
1082 1836 1246 1870 mentem
1279 1835 1543 1871 tremebundae
1567 1836 1685 1880 impa-

381 1902 516 1937 tientia
541 1910 667 1937 morae
692 1901 856 1936 mulieris
880 1901 996 1937 etiam
1021 1901 1152 1936 melius
1176 1901 1325 1938 imitata
1350 1902 1401 1938 sit
1421 1911 1534 1946 quam
1546 1901 1684 1938 Gallica

380 1970 497 2007 Sarah
535 1969 710 2005 Bernard.
750 1968 850 2013 Quae
888 1971 978 2005 tunc
1012 1969 1050 2004 in
1087 1969 1232 2006 theatro
1268 1970 1362 2016 vidi,
1402 1970 1472 2015 legi
1505 1970 1548 2006 in
1572 1970 1684 2015 Apol-

380 2039 469 2076 lonii
506 2037 682 2074 carmine.
720 2037 763 2073 In
802 2038 870 2073 hoc
902 2037 992 2074 libro
1024 2037 1134 2074 tertio
1164 2038 1380 2083 Apollonius
1411 2037 1499 2075 locis
1523 2038 1685 2075 laudatis

380 2116 529 2143 summa
552 2106 785 2152 praestantia
808 2108 849 2141 et
873 2105 1033 2141 veritate
1058 2105 1312 2151 descriptionis
1331 2116 1404 2143 non
1418 2107 1559 2142 minore
1570 2107 1683 2151 gloria

381 2175 515 2220 dignus
551 2177 612 2211 est
644 2184 757 2219 quam
782 2174 828 2210 ob
853 2174 1192 2219 pronuntiationem
1216 2176 1256 2211 et
1280 2175 1466 2211 actionem
1490 2178 1530 2212 et
1554 2177 1683 2221 gestus

380 2244 545 2280 actrices
560 2244 728 2280 scenicae
754 2243 865 2279 huius
890 2242 1069 2287 temporis
1093 2243 1328 2280 clarissimae.

431 2312 531 2357 Quae
557 2314 765 2357 sequuntur
789 2311 931 2356 optima
957 2314 996 2348 et
1017 2315 1205 2359 pergrata,
1226 2313 1262 2349 in
1278 2311 1496 2349 memoriam
1508 2315 1684 2350 revocant

380 2381 694 2417 venustissimum
720 2381 909 2426 Odysseae
935 2380 1069 2416 librum
1094 2379 1130 2417 V
1154 2380 1237 2426 (sub
1261 2379 1390 2428 finem)
1416 2383 1455 2418 et
1480 2382 1543 2419 VI.
1569 2381 1687 2424 Iussit·
