1874 2826
891 311 960 346 102

273 415 311 452 in
332 415 453 453 altera
473 417 632 454 editione
653 417 772 454 multo
793 419 879 462 post
899 417 1035 462 publici
1053 417 1146 453 iuris
1162 417 1578 456 factaeacommutavit

272 483 342 517 aut
361 484 535 519 nonnulla
554 483 616 518 illa
638 483 880 518 Callimachea
891 485 1155 528 argumentum
1168 483 1313 528 egregie
1325 485 1373 520 ab
1384 484 1578 528 Apollonio

272 551 480 587 tractatum
501 561 572 588 non
585 554 782 589 auxerunt.
803 551 998 588 Praeterea
1010 551 1106 597 quod
1120 553 1299 598 tempore,
1311 562 1385 598 quo
1396 552 1577 590 factiones

272 619 467 661 poetarum
489 619 654 654 maxima
674 619 877 666 acerbitate
900 620 1094 655 certabant
1105 621 1145 655 et
1156 620 1256 655 inter
1268 629 1309 655 se
1321 621 1578 657 obtrectabant

271 683 406 732 (Oouat
430 685 512 731 491,
539 684 638 733 492),
664 686 909 724 Callimachus
934 689 974 724 et
999 687 1109 725 multi
1133 687 1214 725 eius
1235 689 1439 725 sectatores
1464 687 1578 734 Apol·

271 754 368 789 lonio
404 753 647 791 infensissimi
684 755 793 799 nihil,
832 755 929 799 quod
952 756 1000 792 ab
1023 755 1095 792 alio
1128 758 1325 792 mutuatus
1349 757 1419 797 sit,
1445 756 1576 792 afferre

272 821 474 866 potuerunt
510 820 583 858 nisi
619 821 815 858 materiem
851 821 1017 869 doctam,
1056 821 1153 868 quod
1184 831 1250 869 per
1286 831 1328 859 se
1360 822 1577 869 intelligitur

271 898 392 933 neque
429 890 522 926 vitio
558 891 592 927 ei
628 891 725 927 verti
749 892 890 936 potuit,
921 893 962 927 et
986 900 1119 928 versus
1144 891 1355 928 Callimachi
1381 892 1575 928 nonnullos

270 944 543 994 dubitationem
567 958 764 1000 habentes,
790 957 995 994 luculenter
1019 959 1174 1004 apparet
1195 958 1430 1003 Apollonium
1450 959 1575 1003 ipsum

269 1026 461 1062 auctorem
482 1025 598 1063 fuisse
611 1027 776 1063 omnium
790 1036 912 1063 rerum
923 1053 933 1072 ‚
956 1027 1088 1071 quibus
1101 1035 1250 1063 carmen
1263 1026 1421 1063 excellit.
1435 1026 1575 1063 Deinde

269 1093 318 1129 ad
330 1094 423 1130 bene
436 1094 716 1140 intelligendum
730 1094 863 1131 librum
876 1094 1030 1131 tertium
1040 1121 1049 1136 ‚
1071 1103 1183 1139 quem
1196 1093 1403 1131 Homericis
1415 1096 1455 1131 et
1467 1094 1574 1131 novis

271 1161 383 1198 rebus
415 1162 613 1207 permixtis
642 1172 710 1200 sua
733 1161 955 1199 auctoritate
979 1161 1134 1207 perfecit
1158 1161 1393 1207 Apollonius,
1420 1162 1576 1200 monebo

267 1230 396 1265 aetate
420 1230 673 1267 Alexandrina
698 1231 864 1267 omnium
889 1239 1042 1275 poeseos
1065 1239 1242 1275 generum
1262 1230 1446 1267 fusionem
1463 1231 1576 1267 exsti-

271 1298 375 1343 tisse,
384 1293 470 1334 cum
484 1308 527 1335 eo
540 1301 706 1344 tempore
713 1299 897 1345 propriam
909 1301 1083 1335 naturam
1095 1298 1312 1335 amisissent
1323 1298 1384 1335 illa
1396 1300 1437 1334 et
1444 1307 1574 1335 omnes

270 1367 401 1409 poetae
421 1366 557 1401 eruditi
577 1368 616 1402 et
636 1366 733 1402 docti
753 1375 944 1402 summum
964 1366 1140 1402 honorem
1158 1367 1335 1410 putarent
1355 1374 1439 1402 esse
1451 1366 1575 1402 omnia

270 1432 418 1470 diversa
442 1442 577 1480 genera
602 1434 732 1471 eadem
757 1434 983 1474 dexteritate
1007 1435 1169 1471 tractare
1196 1433 1240 1481 1).
1261 1434 1438 1480 Hymnus
1462 1434 1573 1470 hexa-

270 1502 403 1537 metris
424 1503 650 1547 compositus
672 1503 828 1547 lyricum
848 1502 1023 1547 spiritum
1044 1502 1183 1547 spirare
1204 1502 1340 1548 coepit,
1364 1501 1482 1546 elegia
1493 1501 1575 1537 fieri

271 1567 375 1612 epica
408 1570 448 1604 et
481 1570 746 1615 mythologica,
782 1571 912 1615 satyra
943 1569 1174 1606 hexametris
1206 1569 1393 1615 componi,
1427 1568 1574 1614 epicum

268 1645 421 1672 carmen
447 1637 675 1674 simillimum
702 1647 784 1674 esse
810 1637 1019 1683 tragoediae
1045 1637 1094 1683 2).
1121 1637 1199 1682 Quo
1222 1638 1364 1674 factum
1388 1639 1449 1674 est
1468 1638 1513 1674 ut
1534 1637 1572 1673 in

270 1704 340 1740 hac
364 1703 590 1749 digressione
614 1706 695 1742 libri
719 1705 821 1741 tertii
846 1705 949 1750 epica
972 1705 1192 1741 intermixta
1216 1705 1294 1741 sint
1318 1706 1359 1741 et
1380 1705 1573 1748 nonnulla,

267 1781 366 1816 quae
403 1773 613 1818 tragoediae
650 1773 794 1819 propria
831 1775 938 1809 sunt:
986 1772 1126 1808 mentis
1162 1772 1334 1808 turbatae
1371 1775 1412 1809 et
1448 1781 1572 1809 amore

270 1839 444 1874 incensae
469 1839 666 1884 descriptio
691 1842 731 1875 et
755 1839 922 1883 colloquii
946 1840 1052 1876 ratio.

317 1906 397 1943 Iam
432 1908 559 1943 monui
592 1909 818 1952 quantopere
852 1907 979 1943 Phrixi
1011 1907 1170 1946 filiorum
1208 1909 1248 1944 et
1272 1908 1573 1953 Argonautarum

268 1974 307 2008 in
343 1967 465 2010 insula
489 1974 635 2021 'Aretia
671 1983 872 2010 concursus
909 1974 949 2010 et
979 1975 1189 2018 argumenti
1225 1975 1467 2020 perpetuitati
1502 1976 1573 2020 ipsi

266 2041 386 2086 prosit
411 2041 518 2088 (liber
543 2042 644 2077 enim
670 2041 855 2077 secundus
878 2050 921 2077 eo
945 2041 1083 2077 maiore
1108 2042 1331 2078 auctoritate
1356 2041 1429 2089 est)
1452 2045 1491 2079 et
1512 2042 1572 2079 de-

268 2110 475 2145 monstravi
499 2109 629 2145 foedus
654 2110 702 2145 ab
725 2109 771 2145 iis
795 2109 931 2145 initum
957 2117 1109 2144 causam
1133 2117 1217 2145 esse
1242 2117 1307 2145 cur
1327 2109 1478 2155 hospitii
1491 2095 1569 2148 iure

266 2177 470 2214 obstrictus
494 2178 635 2214 Aeetes
661 2177 827 2223 hospites
852 2186 926 2214 non
951 2176 1083 2214 statim
1108 2177 1343 2214 interfecerit.

310 2277 343 2318 1)
378 2279 424 2312 cf.
458 2280 553 2312 conat
586 2279 665 2312 106:
699 2278 805 2312 c’etait
828 2280 859 2312 la
882 2279 965 2312 vraie
985 2279 1081 2320 gloire
1103 2278 1177 2312 d’nn
1201 2279 1286 2320 poete
1308 2280 1494 2314 Alexandrin
1515 2291 1575 2323 qne

264 2330 416 2373 d’essayer
436 2334 506 2365 tous
527 2333 573 2366 les
595 2342 704 2374 gom-es
726 2335 757 2366 et
779 2333 816 2366 de
837 2332 952 2365 reussir
973 2332 1049 2365 dans
1071 2334 1150 2365 tous.

311 2385 346 2425 2)
368 2385 414 2418 Cf.
437 2386 571 2427 Mahaffy
592 2385 675 2429 226,
697 2386 772 2426 227,
798 2386 881 2425 252,
905 2385 979 2419 253.
