1874 2826
817 329 820 331 ,
835 300 904 340 127

223 406 270 443 ad
307 407 502 451 mulierum
538 408 802 445 commotiones
837 407 953 444 animi
989 406 1219 453 pertineant,
1247 405 1429 442 omisisse.
1469 405 1526 442 De

224 473 370 521 Iasone,
418 484 528 520 quem
559 475 748 516 fortiorem
782 477 822 511 et
855 475 1111 512 humaniorem
1144 474 1183 510 in
1217 473 1442 510 salutatione
1476 473 1522 509 ad

223 546 435 591 mentem,
459 545 499 582 in
523 554 626 582 mora
649 545 751 591 apud
772 545 1025 591 Hypsipylen,
1050 546 1136 591 post
1148 543 1317 589 Cyaneas
1329 551 1458 587 rupes,
1483 541 1522 577 in

223 611 389 649 Colchide
409 613 605 658 descripsit
624 613 858 658 Apollonius,
879 613 925 649 de
946 614 1068 649 matre
1087 612 1168 648 eius
1181 610 1344 649 noniam
1356 610 1526 655 pluribus-

225 680 347 718 verbis
378 689 561 726 exponere
594 680 718 718 velim.
750 680 986 724 Quamquam.
1013 688 1087 716 non
1112 679 1306 715 ferendum
1332 680 1392 714 est
1416 677 1521 715 Vale-

222 747 338 794 rium,
363 748 568 798 pessimum
592 749 814 785 sectatorem
837 747 1007 793 Vergilii,
1033 748 1092 783 cui
1112 748 1150 783 in
1173 748 1263 783 libro
1283 748 1418 791 quarto
1438 748 1521 782 tam

223 814 404 854 celebrato
439 814 654 859 Apollonius
690 814 902 860 exemplum
937 815 1068 857 fuerit,
1102 815 1292 861 Apollonio
1326 817 1371 852 ob
1403 815 1519 857 animi

223 883 489 919 commotiones
512 884 605 918 bene
626 882 830 928 descriptas
849 883 1101 928 antepositum
1123 893 1218 920 esse.
1242 883 1335 920 Cum
1355 884 1518 920 nondum

224 950 269 986 de
301 950 392 987 libro
424 950 583 996 septimo
616 949 755 987 Valerii
783 951 939 996 egerim,
965 951 1139 987 nonnulla
1163 951 1358 997 proferam,
1386 952 1522 997 quibus

223 1019 378 1063 intelligi
402 1019 537 1063 possit,
564 1018 745 1062 quomodo
767 1019 920 1058 Flaccus
940 1019 1089 1054 Medeae
1110 1028 1275 1055 amorem
1296 1020 1517 1064 exposuerit.

223 1084 303 1121 Iam
327 1085 570 1122 animadverti
595 1085 634 1121 in
656 1085 747 1122 libro
773 1085 903 1130 quinto
927 1087 967 1121 et
990 1087 1099 1122 sexto
1121 1085 1310 1125 Valerium
1330 1086 1388 1121 hic
1408 1088 1523 1131 atque·

223 1153 296 1190 illic
320 1154 365 1190 de
389 1155 537 1191 Medeae
559 1164 684 1191 amore
695 1155 851 1200 abrupte
863 1155 1093 1191 mentionem
1106 1155 1224 1191 facere
1236 1156 1310 1196 ita,
1333 1157 1380 1196 ,ut
1391 1155 1431 1192 et
1442 1155 1521 1192 dira

222 1220 349 1258 futura
381 1222 567 1267 praedicet
599 1223 638 1258 et
662 1222 767 1267 virgo
791 1231 862 1258 non
889 1231 958 1258 sua
983 1225 1115 1267 sponte
1142 1222 1208 1258 sed
1232 1232 1347 1268 prava
1371 1222 1526 1259 Iunonis>

223 1289 476 1327 adhortatione
509 1293 675 1336 permota
707 1300 832 1326 amore
865 1291 904 1327 in
936 1290 1106 1327 Iasonem
1132 1292 1321 1329 exarserit.
1347 1291 1390 1331 In
1415 1291 1484 1328 VH
1509 1301 1520 1326 ε

227 1357 415 1394 100-111
430 1360 469 1394 et
484 1358 674 1394 114—146
688 1358 782 1394 bono
793 1358 962 1403 exemplo
974 1357 1026 1405 (in
1040 1360 1112 1404 Ap.
1123 1359 1238 1395 Rhod.
1253 1360 1298 1394 3:
1314 1358 1519 1403 439—463,

224 1425 418 1462 462—470
442 1427 482 1462 et
505 1425 689 1467 nonnullis
713 1425 794 1462 aliis
818 1425 1000 1471 versibus)
1025 1427 1117 1462 bene
1142 1436 1234 1463 usus
1259 1428 1320 1463 est
1340 1427 1523 1463 Valerius.

223 1492 398 1537 Magnum
422 1493 619 1529 discrimen
644 1496 704 1529 est
728 1494 826 1529 inter
850 1492 1035 1538 Apollonii
1062 1495 1185 1529 3:471
1202 1497 1241 1530 et
1253 1494 1390 1530 Valerii
1403 1494 1519 1530 Flacci

226 1560 315 1597 139:
346 1570 498 1606 „meque
521 1561 595 1597 ista
619 1561 758 1606 precari
773 1561 959 1604 *nesciat’ss
984 1562 1048 1606 qui
1060 1570 1194 1598 versus
1206 1561 1353 1598 laudem
1365 1570 1522 1602 commo—

224 1628 337 1664 tionis
361 1630 452 1664 bene
472 1629 676 1673 descriptae
695 1628 772 1664 iam
792 1629 899 1672 plane
918 1629 1082 1675 tolleret,
1104 1629 1178 1665 nisi
1199 1630 1271 1666 alia
1289 1632 1329 1666 et
1354 1630 1518 1674 graviora

224 1697 383 1742 proferre
415 1707 573 1743 possem.
605 1697 726 1742 Quum
758 1697 926 1737 Valerius
958 1698 1039 1743 ipse
1075 1698 1311 1743 descripserit
1340 1698 1518 1742 virginem

225 1766 345 1809 magis
388 1767 579 1810 magisque
619 1766 808 1800 turbatam
844 1775 891 1800 ne
928 1766 964 1800 in
1003 1766 1157 1804 somniis
1194 1766 1342 1810 quidem
1378 1765 1518 1801 Iasonis

225 1832 409 1877 oblivisci,
454 1835 583 1878 postea
633 1833 740 1879 dicit,
779 1833 874 1878 quod
916 1861 932 1879 „
945 1833 1050 1870 ardor
1086 1834 1215 1876 hebet,
1246 1834 1430 1879 leviorque
1454 1842 1517 1878 pu-

225 1901 302 1938 dori
327 1911 505 1946 mensque
529 1902 664 1940 obnixa
687 1902 825 1947 malo'',
851 1902 1029 1939 Iunonem
1053 1902 1237 1938 Venerem
1262 1903 1301 1938 in
1321 1902 1517 1946 Olympum

225 1969 371 2007 adiisse.
396 1970 472 2006 Res
496 1972 577 2007 tam
600 1970 725 2016 gravis
737 1972 798 2007 est
809 1971 853 2007 ut
866 1970 1053 2017 cingulum
1064 1970 1222 2007 Veneris
1234 1980 1307 2007 non
1319 1969 1393 2008 iam
1407 1969 1521 2006 satis-

224 2038 336 2074 faciat
374 2039 439 2075 sed
474 2038 564 2075 deae
601 2039 718 2082 ipsius
750 2039 887 2075 auxilio
923 2048 1016 2084 opus
1053 2040 1122 2084 sit,
1162 2049 1256 2083 quae
1285 2037 1517 2083 „cunctantia

224 2107 372 2150 pectora
395 2105 618 2151 dubiumque
643 2105 817 2151 pudorem
826 2106 848 2120 '’
875 2108 1118 2144 commoveat.
1145 2105 1235 2142 Iuno
1261 2106 1363 2141 iubet
1382 2104 1517 2141 Iridem

225 2173 263 2208 in
295 2173 477 2217 templum
507 2173 646 2209 Dianae
671 2173 840 2212 Iasonem
865 2174 1016 2219 ducere,
1051 2176 1090 2209 et
1114 2173 1295 2218 Cytherea
1318 2172 1414 2216 petit
1439 2171 1516 2208 Col-

226 2238 370 2276 chidem
406 2240 606 2286 virginem,
645 2240 734 2277 dum
770 2240 862 2277 Iuno
898 2240 980 2287 ipsa
1016 2240 1167 2277 Caucasi
1202 2239 1352 2284 rupibus
1388 2240 1515 2277 insidit

226 2309 403 2344 eventum
432 2309 601 2345 nesciens
632 2310 673 2345 et
696 2309 817 2346 anxia.
856 2310 911 2346 Ut
948 2311 1058 2345 boum
1096 2309 1266 2344 ductores
1295 2308 1453 2346 clamore
1478 2311 1514 2344 et

225 2376 377 2422 flagellis
413 2377 656 2414 stridentibus
693 2378 808 2414 boves
841 2378 1047 2415 obstinatos
1082 2377 1179 2413 viam
1204 2376 1257 2412 ire
1283 2379 1438 2422 cogunt,
1463 2377 1516 2413 sic
