1874 2826
901 261 948 298 69

281 370 441 407 Glaucus
455 373 592 407 sortem
602 371 771 408 Herculis
784 371 824 407 et
836 369 1051 416 Polyphemi
1064 367 1294 404 vaticinatus
1306 366 1442 401 nautas
1455 373 1579 401 conso-

281 439 396 480 latur;
417 449 489 484 quo
510 439 652 476 factum
672 442 733 476 est
753 441 797 475 ut
809 437 1037 475 confirmatis
1049 437 1184 473 animis
1195 435 1372 479 navigare
1385 434 1581 479 pergerent

281 507 453 551 omnique
476 507 647 543 Herculis
671 516 736 552 per
763 515 924 542 errorem
944 505 1062 541 relicti
1083 503 1237 540 crimine
1249 501 1410 538 absoluti
1423 501 1511 536 sint.
1523 500 1579 536 At

282 575 503 611 contrarium
517 561 606 611 fecit
613 574 795 619 Valerius.
808 573 889 609 Iam
900 564 1027 609 monui
1038 571 1237 609 Herculem
1249 569 1397 607 Diodori
1410 567 1580 614 exemplo

282 643 406 678 minus
429 645 529 678 recte
553 643 590 678 in
616 641 731 678 latino
755 641 917 676 carmine
942 649 1116 684 persaepe
1141 638 1282 685 primas
1305 639 1434 683 partes
1458 645 1578 680 agere.

282 710 350 747 Cui
382 720 405 746 a
428 704 516 746 Iove
539 712 711 745 nectareo
735 718 815 745 rore
840 697 1028 752 consopito
1051 707 1156 743 visus
1180 708 1240 742 est
1264 705 1383 751 Hylas
1406 706 1454 741 ab
1478 704 1578 756 unda

281 787 323 814 se
346 777 477 813 tollere
498 785 654 812 monens
677 784 718 811 se
730 785 753 811 a
772 775 937 820 nympha
955 775 1105 819 raptum
1125 774 1223 810 hunc
1242 774 1385 810 fontem
1396 773 1576 819 habitare,

282 844 345 881 sed
381 843 578 880 Herculem
617 852 715 878 nunc
753 852 776 878 a
812 842 921 878 sociis
958 842 1146 878 desertum
1183 851 1271 878 mox
1309 842 1407 878 caelo
1441 841 1575 877 adfore.

282 912 438 948 Gratam
462 911 632 946 umbram
656 909 831 954 amplecti
851 911 1006 945 conatus
1026 918 1114 944 mox
1135 918 1301 952 soporem
1312 911 1352 944 et
1364 918 1459 945 vano
1472 917 1577 954 spem

282 981 467 1016 maestam
492 977 626 1014 resolvi
650 979 737 1013 actu
762 976 881 1013 sentit
901 976 1009 1012 heros
1032 975 1264 1012 miserrimus
1289 974 1350 1022 (cf.
1379 975 1450 1022 43).
1476 976 1578 1020 Quod

281 1046 403 1091 Hylas
423 1045 598 1080 vaticinio
618 1044 817 1080 Herculem
829 1044 1039 1079 consolatur
1051 1043 1117 1078 sed
1128 1043 1366 1087 Argonautae
1379 1043 1579 1079 etiamtum

281 1114 321 1149 in
360 1113 500 1149 incerto
538 1113 693 1149 haerent
728 1112 774 1148 de
813 1114 913 1148 sorte
937 1111 1183 1163 infelicissimi
1204 1111 1310 1156 socii,
1336 1119 1449 1156 grave
1473 1110 1579 1146 docu—

283 1182 454 1216 mentum
476 1182 536 1215 est
554 1180 745 1222 Valerium
765 1180 805 1215 in
825 1180 987 1215 carmine
1000 1189 1067 1217 suo
1079 1179 1293 1221 Herculem,
1317 1178 1431 1214 donec
1443 1179 1481 1214 in
1493 1188 1581 1214 nau-

284 1248 410 1283 tarum
430 1255 583 1283 numero
602 1247 679 1289 est,
699 1245 846 1283 Diodori
865 1246 1034 1292 exemplo
1056 1244 1116 1293 (cf.
1137 1245 1241 1282 Diod.
1264 1246 1286 1281 4
1301 1258 1309 1280 ε
1324 1235 1394 1282 4οὲ
1410 1244 1446 1293 1)
1466 1246 1583 1283 multo

285 1315 406 1360 magis
430 1324 556 1351 curare
582 1324 695 1358 quam
719 1315 957 1359 Argonautas
980 1315 1091 1360 ipsos.
1116 1315 1160 1351 In
1184 1314 1321 1351 Valerii
1341 1315 1501 1351 carmine
1522 1314 1583 1351 illa

284 1382 485 1428 digressio,
511 1382 629 1427 quoad
653 1384 800 1428 spectat
824 1383 870 1418 ad
894 1383 1064 1419 Herculis
1089 1383 1208 1419 vitam
1233 1385 1273 1420 et
1296 1383 1456 1428 labores,
1482 1384 1583 1419 teres

284 1452 398 1495 atque
421 1450 579 1487 rotunda
604 1452 664 1486 est
688 1451 755 1487 sed
777 1460 851 1487 non
870 1451 965 1486 satis
986 1452 1157 1487 cohaeret
1176 1460 1261 1487 cum
1282 1451 1584 1496 Argonautarum

285 1519 428 1555 itinere.
454 1518 672 1563 Apollonius
693 1521 955 1564 argumentum
975 1519 1099 1564 ipsum
1112 1522 1152 1555 et
1164 1520 1453 1564 perpetuitatem
1466 1519 1590 1564 magis

286 1589 393 1623 curat
416 1586 582 1627 Valerio,
610 1587 739 1622 1-57,

336 1654 474 1690 Deinde
510 1654 651 1690 diutius
685 1663 802 1699 aequo
839 1663 1026 1691 moramur
1062 1655 1231 1691 contione
1268 1654 1421 1691 deorum
1457 1655 1587 1691 delibe-

286 1722 451 1758 rantium
475 1723 603 1757 utrum
627 1721 755 1757 Troiae
779 1721 963 1758 excidium
982 1722 1133 1758 Herculi
1153 1731 1202 1758 an
1221 1722 1346 1767 potius
1365 1722 1585 1758 mandarent

287 1789 549 1827 Prometheum
569 1790 727 1827 vinculis
749 1791 789 1827 et
807 1790 955 1827 vulture
975 1790 1214 1827 liberandum.
1240 1791 1321 1828 Hoc
1341 1801 1486 1836 quoque
1507 1791 1585 1828 loco

285 1858 444 1893 Latinus
469 1858 514 1893 de
538 1858 696 1893 Hercule
720 1858 943 1902 digressione
964 1858 1060 1893 male
1080 1867 1172 1893 usus
1191 1858 1396 1894 doctrinam
1416 1868 1524 1894 suam
1545 1861 1585 1894 et

289 1925 618 1971 mythologicarum
642 1928 766 1962 reru'm
791 1926 985 1962 scientiam
1009 1926 1129 1971 magis
1154 1926 1270 1962 iactat
1289 1935 1402 1970 quam
1422 1926 1585 1962 Alexan-

288 1993 416 2029 drinus
441 1992 597 2028 58—81.

337 2060 477 2097 Deinde
497 2048 734 2106 Argonautae
754 2061 943 2107 appellunt
961 2071 1097 2098 navem
1116 2061 1154 2097 in
1175 2061 1357 2106 regionem
1376 2061 1586 2107 Bebrycum

289 2127 379 2173 (99),
406 2137 562 2172 quorum
586 2138 653 2164 rex
678 2130 848 2174 Amycus
872 2130 992 2175 legem
1012 2130 1228 2165 instituerat
1244 2129 1374 2173 cuique
1395 2129 1587 2174 peregrino

289 2196 414 2241 digno,
452 2205 562 2241 quem
600 2199 765 2243 necaret,
803 2207 930 2234 secum
962 2197 1177 2235 luctandum
1202 2206 1296 2234 esse.
1333 2196 1409 2234 Nec
1434 2197 1587 2234 nomina

288 2273 357 2300 nec
393 2264 580 2309 regionem
617 2265 714 2301 unde
747 2266 938 2309 venerint,
975 2266 1206 2311 interrogans
1241 2274 1308 2301 rex
1339 2266 1586 2303 fortissimum

289 2341 413 2377 pugna
438 2333 612 2378 singulari
636 2333 796 2371 lacessit.
822 2335 991 2380 Amycus
1011 2336 1072 2371 est
1091 2334 1188 2371 filius
1209 2333 1388 2381 Neptuni,
1411 2335 1474 2380 qui
1495 2334 1588 2370 deus
