1874 2826
866 296 922 331 -65

254 401 321 436 hoc
345 402 437 438 vitio
462 402 641 438 laboravit
665 401 724 448 (cf.
746 403 875 447 fragm.
902 403 996 447 107).
1018 403 1073 437 At
1096 401 1333 446 Apollonius,
1354 400 1418 444 qui
1430 409 1551 436 mores

252 470 422 506 veterum
435 472 645 516 temporum
656 470 756 507 omni
767 470 859 506 luxu
870 473 1040 507 carentes
1052 472 1133 506 tam
1140 470 1303 506 venusta
1315 470 1357 505 et
1364 470 1454 514 apta
1461 468 1550 504 sim·

251 536 415 581 plicitate
429 538 611 583 depinxit,
634 539 803 574 Herculis
816 540 857 574 et
869 539 989 584 Hylae
1000 547 1165 574 amorem
1179 538 1310 574 eadem
1323 538 1427 582 epioa
1439 537 1551 572 casti-

250 605 331 641 tate
356 606 552 651 tractavit,
577 615 651 651 qua
671 606 825 643 Achillis
845 607 885 643 et
906 606 1063 643 Patrocli
1075 605 1303 643 consuetudo
1315 603 1548 650 turpitudine

249 673 348 717 apud
359 673 517 709 Graecos
537 677 666 718 postea
685 674 826 710 usitata
842 677 963 710 vacat.
989 675 1132 710 Auctor
1144 676 1203 711 est
1215 674 1435 719 Apollonius
1449 673 1548 709 nullo

249 740 417 787 Iunonis,
456 741 545 777 deae
581 740 767 782 infensae,
801 740 1016 778 interventu
1048 741 1248 778 Herculem
1281 750 1409 778 carum
1434 749 1547 776 suum

250 808 400 853 Hylam,
427 818 449 844 a
474 808 639 853 nympha
663 817 787 844 amore
808 808 959 844 incensa
971 811 1131 854 raptum,
1145 809 1315 845 amisisse
1329 808 1376 855 1).
1389 809 1546 845 Gratam

250 875 472 919 imaginem,
505 884 619 919 quam
651 876 796 911 mutare
833 876 902 911 aut
936 875 1108 911 omittere
1132 884 1179 911 ne
1203 875 1373 911 Valerius
1397 876 1546 921 quidem

250 952 366 977 ausus
398 945 476 986 est,
513 944 694 987 praebent
729 943 981 978 1226--1289,
1019 943 1199 978 Hercules
1223 943 1446 979 calamitatis
1470 953 1545 979 cer-

251 1009 324 1045 tior
348 1009 470 1046 factus
495 1010 573 1055 est,
599 1010 644 1046 ut
667 1011 793 1045 narrat
814 1008 1100 1050 Alexandrinus,
1113 1009 1159 1045 ab
1172 1009 1289 1046 amico
1301 1009 1543 1055 Polyphemo,

249 1078 316 1122 qui
353 1078 493 1123 Hylam
529 1078 711 1114 auxilium
748 1079 886 1114 frustra
923 1078 1185 1122 implorantem
1221 1078 1375 1114 audivit.
1409 1077 1546 1114 Deinde

251 1144 375 1182 animo
423 1145 560 1182 afflicto
607 1145 646 1181 in
695 1144 799 1182 silvis
840 1154 982 1190 vagans
1020 1144 1138 1181 veluti
1168 1146 1319 1188 tauruS,
1357 1145 1422 1190 qui
1458 1146 1547 1182 asilo

250 1214 349 1250 ictus
393 1214 511 1250 fertur
545 1223 614 1250 nec
650 1223 798 1258 gregem
834 1217 958 1256 curat,
997 1214 1117 1250 dolore
1154 1217 1194 1250 et
1229 1215 1284 1250 ira
1321 1214 1547 1256 concitatus,

250 1281 439 1325 latamque
476 1281 656 1317 cervicem
690 1281 823 1317 tollens
849 1282 1035 1325 mugitum
1060 1281 1137 1316 edit
1162 1281 1447 1326 (1265—1272)‚
1473 1290 1548 1316 una

251 1357 336 1385 cum
374 1348 494 1385 amico
529 1348 752 1395 Polyphemo
777 1349 926 1385 relictus
950 1351 1011 1385 est
1035 1349 1171 1385 misero
1200 1348 1382 1385 sociorum
1407 1357 1545 1394 errore,

249 1417 314 1460 qui
337 1417 437 1458 laeti,
462 1417 558 1461 quod
578 1419 716 1453 ventus
736 1418 920 1453 secundus
939 1420 1048 1453 nocte
1072 1420 1177 1453 ortus
1198 1419 1290 1460 erat,
1310 1416 1368 1461 (cf.
1393 1418 1487 1453 1159
1506 1419 1547 1453 et

252 1484 357 1527 1275,
373 1483 481 1530 1276)
495 1493 603 1521 mane
615 1484 653 1521 in
666 1485 786 1522 noctis
799 1485 1036 1526 obscuritate,
1047 1493 1141 1529 quae
1154 1483 1400 1529 negligentiae
1412 1487 1547 1520 nautas

249 1553 417 1594 absolvit,
445 1563 616 1589 ancoram
642 1553 829 1590 solverant
853 1554 902 1599 2).
928 1553 1100 1589 Conferre
1125 1553 1227 1589 enim
1255 1553 1350 1589 1159
1374 1555 1414 1590 et
1439 1552 1545 1599 1275,

252 1622 347 1656 1276
372 1630 503 1665 operae
528 1621 690 1665 pretium
714 1622 785 1663 est,
812 1624 857 1656 ut
869 1623 996 1656 mente
1007 1620 1297 1665 complectamur
1309 1620 1543 1665 Apollonium

249 1689 460 1734 argumenti
470 1689 587 1734 ipsius
599 1689 780 1726 rationem
792 1688 878 1736 (iter
890 1688 1135 1735 maritimum)
1148 1697 1353 1734 numquam
1363 1689 1546 1735 negligere

292 1805 327 1849 1)
361 1806 563 1847 Apollodorus
584 1806 740 1847 Apollonii
761 1806 978 1847 Argonauticis
1000 1816 1118 1849 quoque
1145 1806 1161 1839 1
1185 1819 1193 1839 :
1217 1807 1237 1839 9
1259 1818 1267 1839 ε
1294 1807 1336 1839 19
1358 1806 1396 1839 de
1416 1806 1546 1839 Hercule

244 1866 277 1895 et
298 1865 500 1905 Polyphemo,
522 1873 597 1896 usus
618 1867 673 1897 est.

291 1921 327 1963 2)
362 1923 514 1963 Inspicias
546 1922 721 1963 Apollodori
754 1923 975 1955 Bibliothecam
1010 1923 1026 1954 1
1053 1935 1060 1955 ε
1084 1924 1104 1955 9
1128 1935 1136 1955 :
1162 1923 1202 1956 19
1226 1935 1234 1955 ε
1258 1923 1288 1961 5,
1322 1923 1432 1964 quibus
1454 1922 1545 1954 variis

244 1981 342 2013 modis
363 1982 469 2021 poetae
490 1983 522 2013 et
543 1981 704 2022 scriptores
725 1981 774 2013 usi
796 1982 868 2022 sint,
891 1991 930 2014 ne
951 1982 1100 2015 Hercules
1121 1982 1236 2023 primas
1257 1983 1359 2023 partes
1378 1982 1499 2021 ageret:

278 2036 424 2072 Ἡρόδωρος
452 2036 483 2064 δὲ
510 2037 596 2065 amu
624 2037 691 2065 οὐδὲ
719 2038 771 2070 ’νῦν
792 2038 880 2074 ἀρχήν
905 2042 972 2073 φησι
990 2041 1113 2066 πλεῦσαι
1133 2040 1216 2070 τότε,
1239 2038 1317 2066 ἀλλὰ
1334 2038 1398 2072 παρ’
1415 2037 1548 2072 Ὀμφάλῃ

241 2086 389 2117 δουλεύειν.
406 2087 555 2123 Φερεκύδης
573 2087 604 2116 δὲ
622 2088 709 2116 αὐτὸν
726 2088 755 2116 ἓν
776 2088 914 2124 'Aspim-ate
933 2091 984 2122 τῆς
1003 2090 1165 2122 evacuatae
1181 2089 1384 2123 ἀπολειφθῆναι
1393 2087 1549 2123 λέγοιμι-ἥς

239 2140 363 2176 Ἀργοῦς
389 2141 602 2177 φθεγξαμένης,
621 2143 659 2177 μὴ
678 2142 814 2170 δύνασθαι
836 2143 927 2178 φέρειν
946 2144 980 2171 τό
1001 2144 1106 2172 τούτου
1125 2144 1207 2179 βάρος
1230 2140 1284 2184 (cf.
1306 2151 1423 2182 quoque
1444 2142 1545 2174 Schol-

245 2196 265 2229 1
290 2209 298 2229 ι
322 2196 434 2240 1289).

288 2255 365 2287 Sunt
408 2258 528 2294 autem,
571 2257 624 2297 qui
657 2260 870 2298 argumentum
903 2259 1023 2291 fabulae
1056 2261 1175 2291 nostrae
1203 2258 1399 2298 neglexerint.
1439 2259 1546 2299 Pergit

244 2312 326 2344 euim
347 2313 564 2354 Apollodorus:
596 2316 762 2352 Δημάρατος
794 2317 825 2345 δὲ
854 2318 939 2345 αὐτὸν
969 2318 1007 2350 ιίς
1036 2319 1164 2352 Κόλχους
1192 2319 1372 2345 πεπλευκότα
1399 2318 1548 2353 παρέδωκε.

241 2368 382 2401 Διονύσιος
404 2370 453 2403 μὶν
473 2371 529 2406 γὰρ
550 2370 636 2399 αὐτὸν
656 2371 705 2398 καὶ
723 2371 849 2406 ἡγεμόνα
869 2372 940 2406 φησὶ
960 2375 1015 2400 ’νῦν
1036 2372 1227 2407 Ἀργοναυτῶν
1247 2372 1390 2406 γενέσθαι.

1445 2422 1466 2456 5
