1874 2826
833 301 878 336 91

331 409 389 446 Φῆ·
414 403 429 440 ὃ
454 404 526 451 δ’ἂῤ
551 404 786 451 ἀστραγάλους
811 406 1046 450 συναμήσατο,
1072 405 1138 442 καδ
1164 405 1201 441 δὲ
1226 404 1353 450 Φαεινῷ

330 473 451 518 μητρὸς
475 474 528 515 ἑῆς
553 471 590 509 εὖ
614 473 748 515 πάντας
771 473 966 519 ἀριθμήσας
992 473 1084 517 βάλε
1108 473 1241 518 κόλπῳ,

331 540 453 577 αὐτίκα
478 542 630 584 δ’ἱοδόκην
655 542 780 588 χρυσέῃ
805 541 1030 588 περικάτθετο
1055 542 1155 588 μίτρῃ

330 609 463 655 πρέμνῳ
487 610 690 654 κεκλιμένην·
716 612 783 647 ἀνα
803 611 981 654 &aimanor
1006 611 1114 648 εἵλετο
1139 611 1241 654 τόξον.

255 677 395 716 Deinde
426 680 473 715 ad
505 682 643 716 terram
678 680 878 717 descendit.
916 680 1142 726 Despectum
1166 682 1205 717 in
1230 686 1372 717 terram
1396 678 1508 727 frugi-

207 746 323 784 feram
346 740 520 784 et·urbes
544 747 755 793 hominum,
779 748 975 785 fluviorum
989 758 1113 786 sacros
1126 751 1292 791 meatus,
1314 748 1508 785 cacumina

207 815 410 860 montium,
435 817 591 859 pontum
615 816 690 851 late
715 816 907 860 patentem
932 816 1154 860 gratissimis
1177 816 1299 852 verbis
1311 814 1507 859 descripsit

207 884 316 927 poeta
352 883 574 929 (160-166)
607 882 654 930 1).
701 882 803 927 Quod
839 883 886 919 ad
923 883 1022 920 hunc
1057 884 1210 920 dearum
1247 883 1505 920 interventum

206 951 388 996 pertinet,
420 938 714 987 animadvertere
737 951 850 1003 velim
875 951 1112 996 Apollonium
1137 952 1208 988 nisi
1232 960 1379 996 perraro
1403 951 1504 986 coeli-

207 1019 369 1055 colarum
406 1020 631 1055 mentionem
656 1018 785 1055 facere.
823 1019 866 1055 In
890 1019 980 1056 libro
1007 1020 1125 1065 primo
1149 1019 1359 1065 Apollinem
1383 1019 1420 1064 2)
1446 1019 1505 1054 hic

206 1089 324 1132 atque.
344 1087 416 1123 illic
440 1088 585 1125 induxit
599 1089 689 1134 302,
716 1088 807 1134 352,
832 1089 922 1135 359,
948 1090 1039 1135 411,
1066 1088 1401 1134 comparationibus
1413 1087 1505 1132 306,

208 1157 300 1201 530,
339 1156 495 1192 Dianam
521 1158 609 1198 571,
641 1157 732 1193 dum
756 1157 895 1194 Horam
921 1161 962 1194 et
985 1158 1176 1194 Athenam
1201 1158 1320 1193 ran'us
1347 1165 1508 1192 comme·

208 1226 339 1261 morat.
374 1224 575 1261 Ptolemaei
607 1228 754 1270 autem,
793 1227 837 1261 ut
861 1225 1054 1261 Graeciam
1078 1225 1125 1261 ad
1150 1234 1240 1261 suas
1263 1227 1392 1270 partes
1416 1224 1507 1260 redi·

208 1295 356 1339 gerent,
385 1291 526 1337 θεωρίας
549 1293 589 1329 in
614 1293 777 1330 insulam
801 1293 952 1339 Delum,
979 1294 1139 1339 Apollini
1164 1303 1331 1340 sacram,
1355 1294 1507 1330 mittere

206 1361 392 1406 solebant,
429 1370 501 1406 quo
532 1361 611 1397 fieri
634 1362 758 1406 potuit
783 1363 826 1397 ut
850 1361 1065 1406 Apollonius
1090 1371 1179 1398 eum
1204 1371 1316 1407 saepe
1340 1361 1506 1398 nomina·

206 1430 314 1465 verit.
333 1429 528 1465 Praeterea
539 1429 578 1465 in
590 1430 890 1474 Argonautarum
902 1429 1024 1465 fabula
1036 1439 1191 1474 magnas
1203 1432 1330 1474 partes
1340 1429 1421 1474 agit-
1431 1428 1503 1465 Sol.

207 1496 255 1533 Et
275 1496 394 1541 Hera,
417 1496 603 1541 Pelasgica
622 1497 708 1538 dea,
729 1496 938 1541 antiquitus
953 1497 1026 1533 fuit
1037 1499 1193 1542 patrona
1204 1497 1506 1542 Argonautarum

207 1564 253 1601 cf.
290 1564 411 1610 Odyss
447 1566 470 1601 4
495 1578 504 1601 ε
531 1566 597 1610 71,
635 1565 731 1610 quod
765 1574 813 1601 ex
845 1566 915 1601 hac
938 1566 1045 1610 parte
1072 1564 1306 1609 Apolloniam
1331 1564 1505 1600 carminis

206 1641 352 1677 quoque
378 1635 543 1678 apparet.
567 1632 749 1678 Apollonii
774 1633 933 1677 simplex
957 1635 998 1669 et
1018 1633 1229 1669 modestum
1242 1634 1504 1678 argumentum

207 1701 333 1737 minus
358 1702 489 1746 aptum
514 1702 595 1736 erat
620 1700 666 1736 ad
691 1700 779 1737 deos
803 1709 979 1746 persaepe
1003 1701 1237 1737 inducendos.
1263 1700 1382 1745 Quare
1407 1703 1506 1737 recte

206 1769 295 1804 fecit
326 1768 392 1810 iis,
431 1768 493 1804 ubi
525 1777 597 1804 non
636 1767 910 1809 desiderantur,
948 1766 1099 1805 omissis
1136 1771 1176 1804 et
1199 1768 1402 1804 laudandus
1427 1770 1506 1812 est,

206 1835 303 1879 quod
337 1835 527 1872 contiones
559 1835 711 1871 deorum
743 1835 996 1872 tumultuosas
1029 1835 1127 1871 nudo
1157 1838 1197 1871 et
1221 1835 1380 1879 simplici
1404 1844 1507 1880 argu-

206 1903 335 1937 mento
359 1911 432 1937 non
457 1902 625 1938 inseruit.

255 1969 316 2005 Ab
345 1969 507 2006 Homero
532 1971 728 2007 mutuatus
753 1972 812 2006 est
838 1979 932 2014 quae
958 1971 1231 2016 Argonauticae
1255 1969 1400 2007 fabulae
1424 1979 1506 2006 con-

205 2035 338 2072 cinunt
360 2045 480 2081 neque
505 2036 707 2082 quidquam
730 2037 884 2074 humani
908 2037 980 2074 diis
1001 2041 1041 2075 et
1053 2038 1191 2074 deabus
1203 2038 1324 2080 deest,
1349 2039 1388 2074 et
1400 2038 1506 2073 tanto

207 2105 329 2150 lepore
341 2107 381 2141 et
389 2105 549 2141 veritate
562 2105 757 2150 descriptio
765 2105 922 2150 excellit,
936 2108 981 2142 ut
992 2105 1043 2142 dii
1052 2106 1089 2142 in
1099 2106 1259 2142 carmine
1267 2105 1506 2150 Apolloniano

250 2265 283 2305 1)
305 2265 352 2298 De
373 2265 516 2307 despectu
536 2266 662 2307 pulchre
684 2266 833 2307 descripto
855 2266 896 2299 cf.
921 2265 938 2298 1
963 2277 971 2298 :
997 2264 1222 2298 1112—1116.

249 2322 284 2367 2)
307 2323 432 2357 810111101-
451 2333 523 2365 pag.
546 2324 589 2357 33
611 2324 798 2358 demonstrat
818 2324 950 2357 Dianam
972 2324 1006 2357 in
1028 2324 1184 2357 Thessalia
1207 2332 1267 2356 non
1289 2323 1405 2356 cultam
1426 2333 1508 2363 esse,

201 2393 263 2425 qno
285 2383 361 2415 mihi
382 2383 547 2416 verisimile
569 2383 689 2415 videtur
712 2385 849 2416 nostrum
871 2393 926 2417 suo
949 2383 1073 2416 arbitrio
1095 2382 1249 2416 induxisse
1270 2383 1454 2424 Apollinem.
