1874 2826
943 269 1003 307 82⁴

365 376 443 417 Nec
468 378 629 415 condicio
653 378 701 413 ab
724 378 844 413 Aeete
869 376 1057 421 proposita
1081 375 1235 412 minime
1255 376 1382 420 iniqua
1401 379 1484 414 erat
1499 388 1624 425 neque

318 445 473 487 decebat
508 445 676 482 Iasonem
713 443 873 481 inscium
910 445 1018 481 astus
1050 452 1194 490 pugnas
1219 444 1413 490 tantopere
1437 448 1621 486 exsecrari

318 514 364 551 cf.
391 515 475 551 545.
512 515 619 550 Iason
657 512 849 549 Castorem
874 512 995 549 mittit
1019 515 1063 548 ut
1087 512 1326 556 Argonautas
1349 516 1529 557 arcessat,
1556 517 1620 560 qui

318 581 364 618 de
395 582 574 618 sociorum
613 580 735 617 salute
771 580 1010 626 desperantes
1048 578 1199 616 Castore
1232 579 1310 616 solo
1343 578 1426 617 viso
1450 583 1620 620 exterriti

320 653 410 688 sunt
445 649 509 686 sed
542 649 630 685 laeti
664 648 821 685 audiunt
853 657 980 693 regem
1004 647 1163 684 ferocem
1187 656 1261 684 non
1287 656 1380 684 esse.
1419 648 1626 688 Prosiliunt-

319 719 472 755 iuvenes
489 719 528 753 et
540 716 678 753 animis
691 716 851 753 firmatis
863 715 1105 762 experiuntur
1121 716 1175 764 „si
1184 716 1261 753 tela
1272 718 1450 762 artusque
1463 726 1625 763 sequan-

320 785 415 822 tur”.
461 784 601 830 Quibus
638 786 732 822 visis
768 785 924 824 Aeetes,
945 784 1091 821 mavult
1127 785 1276 822 hostem
1301 785 1442 822 medios
1465 789 1626 831 penates.

319 854 477 890 subiisse
510 862 623 897 quam
656 854 774 889 socios
805 854 913 889 tanta
947 853 1089 889 virtute
1122 855 1163 889 et
1195 854 1303 890 tanta
1325 852 1552 896 fortitudine.
1576 854 1620 891 In

319 921 564 967 digressione,
603 931 698 966 quae
736 921 922 966 sequitur,
955 921 1092 957 iterum
1113 929 1239 957 ,coena
1264 920 1392 958 eodem
1417 922 1525 958 modo
1548 932 1626 967 quo

318 990 463 1025 ceterae
499 989 682 1033 descripta
715 991 774 1025 est
811 998 834 1024 a
859 988 1025 1034 Valerio,
1063 988 1127 1032 qui
1152 989 1292 1025 multos
1315 988 1458 1025 Aeetae
1482 990 1627 1027 amicos.

319 1056 425 1093 miris
448 1057 563 1093 armis
589 1059 628 1094 et
653 1057 892 1094 vestimentis
916 1057 1131 1102 conspicuos
1155 1057 1349 1093 enumerat
1373 1056 1580 1095 558-61-7.

368 1125 461 1161 Ecce
499 1126 598 1162 Mars
636 1125 738 1162 videt
774 1126 1013 1170 Argonautas
1046 1125 1085 1161 in
1112 1124 1318 1161 Colchidem
1341 1124 1557 1167 advenisse,
1582 1128 1622 1163 et

320 1202 447 1239 regem
467 1194 513 1230 ab
534 1194 664 1230 Iasone
685 1194 881 1230 exoratum
902 1193 1022 1231 vellus
1042 1202 1196 1230 aureum
1208 1192 1430 1238 promisisse.
1456 1194 1621 1231 Maxima

319 1263 375 1299 ira
398 1262 573 1298 incensus
597 1263 801 1306 interrogat
824 1261 952 1298 Iovem
978 1263 1114 1305 questu
1133 1261 1282 1306 acerb0‚
1307 1271 1379 1305 quo
1391 1262 1481 1298 illud
1491 1262 1626 1299 foedus

319 1330 366 1365 ab
402 1329 631 1374 Argonautis
669 1338 755 1367 cum
788 1338 875 1374 rege
911 1329 1048 1365 initum
1085 1328 1287 1373 pertineat:
1327 1329 1367 1365 et
1398 1329 1556 1366 Graecos
1580 1330 1621 1366 et

320 1398 473 1438 Persem
494 1398 564 1434 sibi
585 1398 754 1434 inimicos
773 1406 856 1433 esse
875 1396 1106 1441 (446—557).
1119 1396 1393 1441 Argumentum
1406 1397 1620 1433 intricatum

319 1474 404 1501 esse
428 1467 540 1509 poeta
563 1465 643 1510 ipse
669 1465 786 1501 docet.

368 1532 548 1569 Iunonem
582 1533 724 1569 laedere
760 1541 833 1568 non
872 1541 988 1568 ausus
1020 1532 1221 1569 minacibus
1254 1532 1383 1578 iurgiis
1415 1532 1620 1569 Minervam

320 1600 504 1645 increpat:
531 1610 623 1636 num
648 1609 689 1636 se
714 1600 873 1636 fortasse
898 1600 1022 1636 minus
1047 1599 1186 1645 valere,
1212 1599 1309 1644 quod
1333 1600 1414 1636 luco
1440 1602 1481 1636 et
1491 1600 1627 1636 umbra.>

321 1676 440 1711 neque
464 1667 615 1712 templis
640 1666 810 1702 colatur?
840 1666 965 1711 Pergit
988 1667 1034 1702 ad
1058 1667 1202 1703 Iovem:

888 1737 950 1771 ast
975 1745 1040 1780 ego
1061 1735 1156 1773 clara
1180 1736 1355 1783 Mycenes

443 1802 626 1845 culmina,
653 1803 839 1848 virgineas
862 1803 1014 1848 praeder
1039 1804 1071 1840 si
1095 1804 1265 1850 Cecropis
1289 1813 1413 1849 arces,
1432 1834 1434 1836 .

444 1871 520 1907 iam
545 1870 725 1911 coniunx,
751 1871 826 1906 iam
851 1872 891 1906 te
914 1871 1056 1915 gemitu
1075 1872 1309 1916 lacrimisque
1333 1871 1476 1908 tenebit

443 1939 534 1976 nata
558 1947 727 1983 querens.
754 1938 925 1976 Metuant
949 1948 1033 1984 ergo
1058 1949 1125 1976 nec
1148 1940 1239 1978 talia
1262 1942 1438 1986 poscant,

321 2008 506 2052 significat
526 2008 686 2043 Romam
707 2009 896 2042 aeternam
916 2009 1044 2051 postea
1063 2008 1303 2044 subacturam
1320 2016 1404 2043 esse
1417 2006 1621 2044 Graeciam.

320 2074 419 2111 Num
452 2075 755 2120 Argonautarum
788 2074 860 2110 iter
893 2083 1004 2110 causa
1035 2074 1107 2112 suit
1138 2085 1204 2112 cur
1237 2074 1395 2112 Romani
1418 2074 1625 2119 legionibus

320 2146 360 2179 et
390 2143 589 2187 prudentia
623 2142 777 2180 Graecia
811 2141 919 2185 potiti
954 2142 1064 2178 sint?-
1093 2143 1186 2179 Cum
1221 2142 1267 2178 de
1300 2142 1407 2178 Troia
1431 2144 1619 2179 certamen

320 2211 407 2256 erit,
429 2210 529 2247 Mars
550 2220 591 2247 se
613 2210 740 2256 ipsum
758 2211 858 2245 recte
876 2209 1052 2247 consolari
1064 2210 1218 2256 poterit,
1240 2209 1337 2255 quod
1348 2208 1518 2247 Dardana
1529 2220 1620 2257 gens

321 2281 403 2314 tum
428 2279 577 2315 inferior
600 2280 732 2324 postea
757 2279 883 2314 orbem
908 2280 1090 2315 terrarum
1114 2279 1313 2315 subactura
1338 2278 1390 2314 sit
1414 2279 1619 2314 617-648.

368 2345 546 2382 Fremens
567 2345 819 2391 indignatione
837 2344 957 2389 surgit
974 2344 1092 2382 Pallas
1111 2348 1151 2383 et
1168 2345 1286 2383 multa
1298 2345 1463 2391 convicia
1474 2346 1513 2391 in
1525 2346 1621 2383 Mar·
