1874 2826
977 277 1024 312 64

348 384 393 418 ut
406 391 531 418 amore
543 383 727 418 desistant
739 382 805 417 sed
818 391 1004 426 nusquam
1016 391 1103 418 eum
1115 385 1203 418 ante
1212 383 1303 418 alios
1315 384 1540 421 celebratum
1552 395 1645 422 esse.

349 449 424 486 Sed
444 459 558 495 quum
578 451 636 486 tot
655 449 916 494 mythographi
935 451 1155 495 argumento
1166 449 1310 486 detorto
1322 450 1520 489 Herculem
1532 453 1646 499 Argo-

349 521 551 554 nautarum
576 518 708 553 ducem
728 518 842 554 fuisse
862 518 1050 563 finxerint,
1060 518 1262 554 moderatio
1273 518 1470 564 Apollonii,
1481 521 1545 564 qui
1555 522 1648 557 mui-

350 586 411 621 tas
432 584 629 621 Heracleas
648 584 813 630 perlegit,
834 584 1015 622 laudanda
1027 588 1098 622 est.
1119 584 1394 622 Alexandrinus
1406 586 1507 623 enim
1519 596 1647 625 secun-

351 653 440 689 dum
459 652 604 689 fabulae
628 653 808 698 originem
829 662 977 690 carmen
1002 654 1219 698 composuit.
1237 654 1412 698 Mythum
1431 655 1533 690 enim
1551 655 1648 691 hunc

351 722 518 765 spectare
543 720 591 757 ad
610 720 868 766 navigationes
887 730 953 767 per
972 721 1090 758 maria
1102 721 1266 758 nondum
1278 721 1467 767 explorata
1478 721 1596 758 factas
1609 724 1647 758 et

350 789 441 824 nihil
461 798 658 825 commune
681 790 815 826 habere
837 799 923 825 cum
938 789 1072 826 fabulis
1091 790 1137 826 de
1149 790 1307 826 Hercule
1318 790 1418 825 fictis
1434 790 1467 836 1)
1493 790 1648 826 hocloco

348 856 560 893 iterandum
585 860 657 894 est.
682 857 785 894 Inter
801 858 1102 903 Argonautarum
1122 859 1250 894 autem
1269 858 1341 894 iter
1360 860 1400 894 et
1412 857 1649 903 calydoniam

349 925 590 961 venationem
602 926 769 970 analogia
778 927 868 961 haec
881 928 959 961 est:
973 928 1173 969 utrumque
1186 926 1326 961 factum
1338 927 1471 961 vatum
1484 921 1649 961 carmini-

349 993 420 1028 bus
444 992 566 1038 magis
590 993 784 1038 magisque
807 993 998 1039 increbuit,
1025 1002 1097 1038 quo
1108 993 1250 1029 factum
1262 995 1323 1029 est
1335 994 1379 1029 ut
1390 1002 1507 1039 paene
1520 1002 1649 1030 omnes

351 1061 480 1097 heroes
505 1061 730 1097 celeberrimi
755 1061 993 1106 mythologici
1017 1062 1194 1106 temporis
1218 1062 1399 1098 sociorum
1424 1072 1577 1099 numero
1589 1063 1649 1098 ad-

353 1128 481 1173 scripti
491 1128 578 1164 sint.
588 1128 659 1164 Sed
669 1129 748 1164 fieri
762 1138 835 1165 non
848 1129 1043 1174 potuisset,
1056 1131 1101 1165 ut
1112 1138 1233 1165 coram
1242 1129 1401 1166 Hercule
1413 1130 1503 1166 nihil
1515 1131 1649 1176 agente

351 1197 461 1233 Iason
485 1198 523 1232 in
545 1196 714 1233 Colchide
738 1197 879 1233 labores
903 1199 950 1234 ab
973 1199 1093 1234 Aeete
1118 1207 1203 1243 rege
1228 1198 1423 1234 mandatos
1448 1199 1648 1243 perficeret.

351 1264 472 1307 Hylas
496 1266 624 1299 autem
643 1264 790 1300 iuvenis
809 1265 856 1300 ab
872 1265 1030 1301 Hercule
1041 1267 1102 1309 pio
1112 1274 1237 1301 amore
1249 1265 1405 1301 dilectus
1416 1265 1650 1309 peridoneam

350 1331 471 1367 herois
496 1331 693 1368 amovendi
718 1332 947 1369 occasionem
979 1335 1109 1379 poetae
1139 1332 1279 1369 attulit.
1313 1333 1527 1378 Antequam
1552 1333 1651 1369 inter

350 1400 552 1444 utrumque
584 1402 732 1445 poetam
770 1402 1082 1446 comparationem
1118 1402 1333 1446 instituam,
1357 1402 1652 1439 animadverten-

351 1467 442 1503 dum
478 1469 539 1504 est
574 1476 686 1512 quam
723 1468 899 1513 singulari
934 1469 1181 1514 temperantia
1214 1471 1255 1506 et
1287 1469 1414 1506 decore
1437 1478 1503 1515 pro
1527 1470 1651 1505 aetate

353 1547 422 1574 sua
458 1547 551 1574 usus
587 1538 638 1573 sit
675 1538 902 1583 Apollonius.
952 1538 1007 1574 Ut
1043 1538 1187 1583 ignotas
1217 1541 1257 1575 et
1286 1538 1385 1575 diras
1419 1538 1477 1574 vel
1510 1538 1652 1574 taetras

353 1606 497 1642 fabulas
518 1606 647 1642 multis
667 1607 877 1643 nominibus
889 1609 1040 1643 ornatas
1052 1609 1281 1648 enarrarent,
1303 1606 1487 1651 imprimis
1499 1614 1592 1649 quae
1605 1605 1651 1641 ad

354 1673 536 1711 adulteria
556 1677 595 1712 et
606 1675 794 1712 libidinem
807 1675 1055 1721 pertinebant,
1069 1675 1241 1720 aequales
1252 1675 1491 1720 potissimum
1503 1683 1651 1719 operam

353 1742 543 1778 navabant
576 1741 624 1788 2).
649 1742 725 1778 Nec
749 1743 878 1779 Venus
903 1744 985 1787 ipsa
1009 1742 1094 1778 huic
1119 1742 1219 1787 turpi
1243 1741 1366 1778 studio
1387 1741 1649 1778 satisfaciebat.

354 1810 486 1852 Ereta,
511 1810 735 1847 amasiorum
756 1813 796 1847 et
814 1813 1024 1848 amatorum
1035 1812 1246 1854 patronum,
1259 1810 1373 1846 variis
1385 1809 1510 1855 elegiis
1522 1819 1651 1846 canere

355 1878 488 1913 solitus
508 1880 589 1914 erat
609 1878 820 1923 Phanocles,
846 1879 910 1923 qui
934 1879 1048 1914 etiam
1060 1878 1171 1913 finxit
1183 1878 1318 1922 Orphei
1329 1877 1513 1913 amasium
1526 1877 1650 1914 Calain

353 1946 471 1983 fuisse
496 1949 536 1982 et
547 1946 677 1982 eadem
689 1946 804 1991 elegia
816 1947 1025 1992 explicavit,
1039 1955 1151 1990 quare
1164 1945 1338 1982 Thraciae
1350 1945 1524 1982 mulieres
1536 1945 1651 1990 signis

354 2015 508 2065 notatae
522 2015 599 2050 sint
612 2015 650 2049 et
664 2013 805 2050 Lesbus
817 2016 896 2050 arte
909 2014 1051 2050 musica
1063 2014 1238 2058 praestet.
1253 2012 1497 2049 Callimachus
1508 2021 1651 2056 quoque

399 2130 433 2174 1)
458 2131 624 2163 Diodorum
646 2130 799 2162 laboribus
819 2130 960 2162 Herculis
982 2130 1157 2162 enarrandis
1180 2130 1343 2161 adductum
1355 2138 1436 2171 esse,
1449 2131 1484 2162 ut
1495 2130 1655 2170 Argonau-

352 2191 454 2221 tarum
487 2189 571 2221 facta
602 2189 741 2221 narraret
775 2185 811 2231 (4
834 2199 842 2219 z
864 2187 907 2219 40
931 2199 938 2219 :
964 2186 997 2230 1)
1031 2188 1093 2219 iam
1122 2188 1235 2220 monui.
1266 2188 1348 2225 Quae
1369 2197 1461 2220 causa
1482 2188 1542 2220 fuit
1563 2189 1600 2220 ut
1620 2197 1655 2220 eo

353 2257 472 2288 quoque
495 2249 617 2280 auctore
638 2247 786 2279 Hercules
809 2246 956 2278 sociorum
979 2247 1038 2278 dux
1060 2247 1162 2278 fuerit.

398 2304 433 2348 2)
465 2305 511 2338 Cf.
533 2305 721 2338 narrationes
742 2305 779 2337 de
800 2304 934 2336 Daedalo
956 2314 975 2336 a
996 2314 1066 2345 rege
1087 2304 1203 2336 Kokalo
1225 2305 1273 2336 vel
1295 2314 1314 2336 a
1335 2305 1446 2338 Minois
1467 2305 1540 2337 filiis
1562 2305 1655 2337 inter-

354 2364 450 2402 fecto,
473 2364 510 2396 de
531 2364 770 2405 Hypermnestra
792 2365 849 2395 etc.
