1874 2826
321 295 362 320 1v

941 393 1004 429 VI.

371 482 579 518 Efficaciter
611 480 806 517 Lucretius
840 481 878 517 in
913 482 957 517 de
991 482 1130 518 Rerum
1161 482 1302 518 Natura
1325 481 1402 517 libr.
1427 481 1444 516 Ι
1471 493 1478 516 :
1505 481 1626 517 830—

321 551 396 586 920
432 551 676 594 Anaxagorae
715 549 902 586 doctrinae
935 551 980 586 de
1014 553 1148 586 natura
1180 550 1380 595 primorum
1414 558 1625 593 corporum,

321 626 417 661 quae
444 616 617 660 ὁμοιομερῆ
643 617 836 659 dicuntur,
863 619 1068 663 impugnat.

935 725 1015 761 VH.

370 813 413 849 In
447 812 604 850 Cornelii
637 812 794 858 Nepotis
828 813 908 850 vita
941 813 1141 850 Alcibiadis
1167 813 1409 860 supplendum
1435 814 1495 850 est
1518 812 1542 848 8
1568 825 1576 847 ε
1603 813 1626 848 5

325 880 572 928 „quoniam’',
600 881 742 926 inquit,
765 881 942 917 victoriae
973 883 1113 925 patriae
1139 891 1341 927 repugnas»,
1366 882 1454 917 illud
1476 889 1624 925 moneo,

322 953 393 994 [ne]
420 950 529 987 iuxta
555 951 703 987 hostem
728 953 851 986 castra
876 950 1012 986 habeas
1038 950 1186 986 nautica
1209 952 1279 986 etc.

925 1046 1023 1081 VIII.

372 1136 454 1172 Non
492 1137 592 1171 recte
630 1135 771 1170 Kfister
808 1134 855 1169 ad
886 1134 1032 1169 Horatii
1057 1134 1091 1169 ΙΙ
1116 1144 1126 1170 :
1155 1136 1202 1170 20
1227 1145 1236 1169 ε
1264 1135 1286 1169 2
1313 1134 1402 1170 dicit
1430 1135 1624 1179 „biformis

325 1202 445 1239 fatis'’
484 1203 635 1238 tantum
673 1202 841 1246 spectare
878 1201 924 1236 ad
961 1201 1122 1237 iocosam
1157 1204 1196 1237 et
1228 1210 1400 1237 severam
1432 1202 1625 1246 naturam,

322 1273 428 1316 quasi
454 1271 654 1316 duplicem,
680 1280 793 1314 quam
818 1270 997 1306 Horatius
1024 1271 1061 1306 in
1088 1270 1167 1306 odis
1188 1279 1332 1315 quoque
1354 1280 1440 1315 prae
1459 1280 1500 1307 se
1520 1270 1627 1307 ferat.

941 1361 1009 1406 ix.

370 1449 452 1486 Non
477 1453 578 1485 recte
603 1450 743 1485 Kiister
775 1450 953 1494 „Catonis
979 1450 1097 1485 nobile
1122 1448 1271 1485 letum”
1299 1447 1369 1495 (od.
1392 1448 1409 1484 I
1431 1462 1439 1484 :
1467 1449 1509 1486 12
1533 1459 1542 1483 :
1565 1448 1627 1496 35)

321 1520 362 1554 et
401 1546 417 1565 „
430 1517 478 1554 Et
515 1520 650 1554 cuncta
683 1520 867 1553 terrarum
900 1518 1054 1553 subacta
1086 1516 1239 1553 Praeter
1271 1520 1435 1553 atrocem
1459 1517 1627 1553 animum

322 1585 506 1621 Catonis’'
533 1585 612 1631 (Od.
638 1585 695 1620 11:
714 1587 730 1620 1
749 1596 757 1619 :
773 1585 835 1631 23)
857 1588 967 1629 putat
989 1585 1123 1620 ironice
1140 1585 1282 1620 dictum
1304 1594 1387 1620 esse
1400 1585 1446 1620 ab
1459 1583 1625 1620 Horatio.

948 1682 1008 1717 X..

377 1767 420 1803 In
453 1768 565 1813 epigr.
602 1768 860 1814 (Anthologiae
893 1767 1203 1813 epigrammatum
1237 1767 1458 1804 Graecorum
1493 1777 1627 1813 appen-

322 1837 414 1873 dicis
439 1846 558 1872 novae
584 1839 696 1881 caput
720 1836 769 1881 Ι),
797 1837 844 1872 20
869 1846 955 1871 vers
981 1837 1014 1872 4.

447 1905 470 1939 3
520 1901 553 1939 ὃς
579 1902 648 1947 τρὶς
674 1902 823 1947 ἐκήρυξεν
848 1903 902 1938 τὸν
927 1902 1106 1947 Ὀλυμπίᾳ
1132 1903 1230 1941 αὐτὸς
1255 1903 1368 1944 ἀγῶνα

444 1974 466 2007 4
520 1970 586 2006 οὔτ’
613 1970 871 2014 ὑποσαλπίζων,
898 1970 964 2005 οὔτ’
991 1970 1217 2013 ἀναιδείγματ’
1245 1970 1341 2014 ἔχων.

519 2040 715 2084 legendum
742 2046 802 2075 est
827 2049 892 2084 pro
918 2038 1145 2080 ainamma?
1173 2050 1182 2072 :
1209 2038 1413 2081 dvthpm‘r’.

942 2137 1008 2172 XI.

370 2224 412 2261 In
437 2225 549 2271 epigr.
578 2226 624 2261 33
650 2234 737 2261 vers
763 2225 797 2260 2.

568 2293 718 2336 εὐχωλὴν
741 2292 907 2333 τελέσαις,
934 2292 983 2327 σοὶ
1009 2290 1108 2336 χάριν
1134 2291 1365 2340 ἀντ[ιδιδου’ς],

567 2362 813 2405 supplendum
839 2366 900 2397 est
924 2359 1141 2399 ἀνταποδούς.
