1874 2826
974 286 1045 323 126

358 390 510 428 Dichter
547 392 613 428 hat
650 392 753 428 nicht
789 402 860 428 nur
892 393 930 430 in
966 393 1031 430 der
1056 393 1168 431 Wahl
1199 394 1320 431 seines
1344 393 1478 430 Stoffes
1502 394 1661 440 gefehlt,

358 460 516 496 sondern
553 460 617 495 ihn
653 461 749 495 auch
786 470 833 496 zu
872 461 969 497 breit
1007 461 1214 507 angelegt.’'
1250 461 1322 498 His
1353 461 1477 497 verbis
1510 470 1659 499 omnem

357 527 506 564 laudem
531 528 577 564 de
605 554 621 573 „
634 529 845 565 besonnene
871 529 1161 575 Komposition’'
1188 533 1229 567 et
1256 529 1411 576 „Kunst
1430 529 1496 567 des
1517 529 1659 567 Plans'’

357 598 438 642 ipse
461 597 608 634 evertit.
634 597 840 633 Horatiana
865 598 927 634 illa
951 599 1043 635 mihi
1067 599 1106 635 in
1131 601 1295 635 mentem
1320 598 1477 634 veniunt
1504 601 1659 644 „partu-

357 665 460 702 riunt
485 667 651 707 montes,
676 665 843 702 nascitur
868 665 1045 702 ridiculus
1069 675 1154 703 mus
1162 665 1185 682 '¹
1208 668 1247 702 et
1275 666 1465 712 „humano
1477 667 1659 703 cervicem

357 734 474 777 pictor
511 733 686 777 equinam
723 733 875 778 iungere
912 734 944 769 si
983 735 1074 770 velit
1106 738 1145 770 et
1171 734 1294 770 varias
1318 733 1488 769 inducere
1512 734 1660 778 plumas

356 801 518 846 undique
542 800 686 838 collatis
711 802 909 847 membris,
936 806 980 839 ut
1002 802 1162 847 turpiter
1174 804 1297 838 atrum
1311 801 1456 838 desinat
1467 801 1506 838 in
1519 801 1659 847 piscem

356 870 488 905 mulier
525 870 686 906 formosa
719 879 894 915 superne,
935 872 1145 915 spectatum
1178 870 1329 906 admissi
1355 870 1472 906 risum
1497 870 1659 906 teneatis

356 935 527 974 amici?’'
552 937 753 974 Teuffelius
773 937 964 974 Valerium
990 947 1134 983 quoque
1158 938 1284 975 laudat
1307 940 1456 984 propter
1471 938 1658 986 „Weitere

355 1006 601 1051 Ausffihrung
650 1006 946 1051 wirkingsvoller
993 1007 1170 1049 Szenen”.
1219 1007 1291 1042 Sed
1339 1007 1555 1051 procellam,
1598 1015 1659 1042 res

356 1074 394 1108 in
433 1074 556 1109 insula
590 1073 731 1109 Lemno
767 1075 909 1117 gestas,
946 1073 1247 1118 Argonautarum
1280 1073 1539 1110 lustrationem
1572 1074 1657 1119 post

357 1141 509 1178 caedem
534 1140 657 1186 Cyzici
683 1142 779 1186 regis
803 1143 842 1177 et
866 1141 1024 1186 civium,
1051 1151 1193 1178 moram
1218 1142 1256 1177 in
1282 1141 1489 1186 Bebrycum
1511 1143 1657 1187 regione

356 1210 432 1245 iam
457 1209 577 1245 fusius
601 1210 779 1251 tractavi,
809 1218 928 1253 neque
952 1209 1117 1253 pluribus
1142 1210 1265 1245 verbis
1288 1218 1380 1254 opus
1404 1211 1475 1251 est,
1513 1209 1656 1254 Laude,

356 1287 470 1322 quam
495 1278 599 1314 Thilo
623 1277 768 1323 (proleg.
796 1287 874 1322 cap.
903 1279 920 1313 1
933 1303 943 1319 ‚
968 1287 1050 1322 pag.
1076 1276 1148 1325 XI)
1173 1278 1319 1315 Valerio
1344 1278 1516 1315 attribuit
1539 1278 1656 1323 „quod

354 1345 553 1382 materiam
579 1348 618 1382 et
644 1346 802 1381 electam
827 1348 914 1391 apte
940 1348 979 1381 et
1004 1348 1222 1382 exornatam
1246 1345 1302 1382 ita
1326 1345 1586 1391 disposuisset,
1612 1347 1656 1380 ut

355 1413 521 1458 singulae
557 1413 701 1450 fabulae
738 1414 777 1450 in
814 1422 946 1458 corpus
977 1413 1082 1458 quasi
1107 1413 1361 1459 redigerentur
1384 1414 1552 1459 partibus
1575 1413 1657 1449 suis

355 1482 562 1526 perfectum
603 1484 644 1517 et
681 1480 896 1526 expletum‘'
935 1481 1171 1526 Apollonium
1203 1482 1356 1526 dignum
1393 1490 1476 1517 esse
1514 1481 1654 1525 passim

354 1549 618 1586 demonstravi.

406 1617 655 1653 Bernhardius
690 1618 817 1653 laudat
849 1616 1040 1653 Valerium
1064 1618 1213 1661 propter
1240 1643 1256 1661 „
1269 1616 1429 1661 kraftige
1454 1616 1654 1652 Charakte-

357 1683 494 1721 ristik''
516 1693 588 1730 quo
601 1685 835 1729 Apollonium
848 1685 1056 1730 superavit,
1082 1684 1279 1721 Teuffelius
1292 1685 1440 1729 propter
1456 1710 1473 1730 „
1486 1687 1655 1729 groszere

356 1753 515 1797 Sorgfalt
540 1753 579 1788 in
605 1752 1012 1796 Charakterzeichnung
1037 1752 1113 1787 und
1133 1750 1452 1788 Seelenmalerei''.
1475 1752 1653 1787 Bernhar-

355 1820 458 1865 dius,
485 1820 564 1865 ipse
590 1829 662 1856 non
688 1820 741 1856 ita
766 1819 884 1856 multo
914 1821 996 1863 post
1023 1819 1130 1855 dicit:
1165 1828 1205 1855 er
1228 1818 1357 1855 fesselt
1380 1818 1494 1855 durch
1519 1818 1652 1856 keinen

355 1890 599 1938 malerisohen
624 1889 722 1934 Zug,
744 1889 848 1924 nicht
872 1888 1007 1924 einmal
1029 1888 1143 1924 durch
1155 1887 1402 1932 gemuthliche
1415 1888 1652 1933 Schilderung

354 1959 419 1996 der
443 1959 583 1996 Medea.
609 1957 825 1995 Lectoribus
849 1958 1040 2002 praeterea
1064 1956 1102 1992 in
1127 1955 1344 1992 memoriam
1355 1956 1531 1993 revocabo
1543 1955 1653 1993 Vale-

353 2029 450 2064 rium
484 2037 544 2063 res
572 2027 610 2063 in
636 2026 758 2062 insula
782 2025 922 2061 Lemno
947 2027 1073 2069 gestas
1096 2024 1365 2060 describentem
1390 2023 1532 2069 omnia,
1558 2034 1651 2068 quae

350 2143 436 2175 nicht
468 2144 565 2182 irren,
599 2143 631 2175 in
661 2143 714 2174 der
743 2141 944 2180 Darstellung
965 2141 1017 2173 der
1038 2141 1189 2172 Personen
1211 2139 1397 2180 gliicklicher
1418 2148 1552 2179 gewesen
1574 2140 1652 2178 sein,

351 2211 443 2233 wenn
476 2211 509 2233 er
541 2201 574 2232 in
603 2201 718 2232 seinem
741 2199 885 2231 Gedichte
906 2199 954 2231 die
977 2198 1081 2230 Gotter
1102 2197 1187 2230 mehr
1209 2197 1241 2228 in
1263 2198 1436 2238 Bewegung
1453 2199 1569 2237 gesetzt
1590 2198 1653 2229 und

350 2262 394 2294 sie
416 2261 450 2293 in
471 2261 519 2293 die
541 2260 658 2292 'rbaten
680 2258 744 2291 und
766 2257 937 2291 Schicksale
948 2257 1001 2289 der
1010 2257 1207 2297 Argonauten
1225 2256 1334 2289 osterer
1344 2256 1541 2297 eingemischt
1551 2257 1651 2295 hatte,

349 2320 404 2352 wie
433 2329 466 2352 es
494 2319 551 2351 auf
569 2318 636 2351 eine
657 2317 867 2358 geuugendere
889 2316 991 2348 Weise
1013 2325 1071 2347 von
1093 2315 1159 2347 dem
1181 2315 1361 2347 Bomischen
1383 2315 1508 2347 Dichter
1529 2315 1652 2355 gesche-

350 2379 409 2411 hen
430 2379 480 2410 ist.
