1874 2826
991 259 1064 295 110

373 363 530 401 suadere
566 363 735 411 conatur)
771 365 867 400 dixit
905 373 945 400 se
984 365 1154 400 territam
1191 373 1275 400 esse
1309 365 1406 409 quod
1429 365 1521 402 nihil
1545 375 1678 402 curans

372 439 486 477 prope
519 431 620 468 viros
652 432 864 477 peregrinos
896 431 1095 467 accesserit
1128 433 1168 467 et
1192 431 1410 468 adhortatur
1434 431 1589 479 ancillas
1612 435 1675 480 ut,

374 508 461 535 cum
497 499 598 535 nulla
629 508 757 535 earum
792 499 1007 541 mulierum,
1046 508 1141 544 quae
1174 499 1302 536 eodem
1334 501 1498 545 quotidie
1534 502 1678 539 soleant

374 566 575 613 confluere,
613 570 773 604 ventura
797 560 880 614 sits
894 568 1007 603 cantu
1032 569 1073 604 et
1097 567 1247 604 floribus
1272 568 1465 614 carpendis
1489 569 1676 614 gaudeant

375 634 608 682 (891-899).
646 636 720 673 Eas
755 646 828 673 non
864 646 1000 682 pavere
1038 639 1173 674 notans
1210 639 1338 673 veram
1373 646 1525 674 causam
1557 640 1677 685 aperit

373 703 493 740 multa
517 703 612 740 dona
636 704 683 741 iis
705 704 867 750 pollicita
892 704 1050 751 (Argum
1076 713 1221 750 quoque
1246 706 1285 741 et
1310 703 1528 751 Chalciopen
1549 706 1676 743 aseid

372 771 540 816 petiisse)
561 775 602 810 et
621 773 733 810 iussit
754 782 819 809 eas
839 772 1045 818 discedere,
1068 782 1155 809 cum
1167 773 1275 810 Iason
1288 772 1457 810 venisset
1468 773 1675 811 891—911.

420 838 543 884 Argos
575 840 639 885 qui
672 841 748 876 iam
773 839 998 886 (825—827)
1022 839 1117 876 vidit
1141 839 1307 877 Medeam
1331 843 1502 886 paratam
1529 850 1612 878 esse
1636 842 1674 877 in

371 906 539 944 Hecatae
562 907 692 946 fanum
717 909 833 952 abire,
866 909 973 945 duxit
997 908 1168 946 Iasonem
1191 909 1318 946 robore
1342 910 1382 945 et
1406 909 1676 955 pulchritudine

373 974 605 1020 splendidum
619 986 684 1022 per
696 986 856 1021 campos.
882 977 1034 1022 Mopsus
1046 978 1175 1013 autem
1188 977 1415 1023 Ampycides
1427 986 1490 1014 eos
1502 979 1654 1014 secutus
1667 1006 1676 1021 ,

374 1043 525 1081 consilio
550 1045 717 1088 garrulae
741 1045 896 1081 cornicis
921 1045 1017 1090 quod
1042 1045 1176 1090 legitur
1200 1045 1291 1081 932:

546 1138 569 1151 ‚,
580 1112 715 1152 ἀκλειὴς
741 1111 810 1147 ὅδέ
835 1111 978 1154 μάντις,
1004 1111 1037 1152 ὃς
1063 1111 1194 1147 οὐδ’ὄσα
1218 1112 1346 1152 παῖδες
1372 1111 1482 1148 ἴσασιν

546 1176 616 1216 οἶδε
640 1179 696 1224 νόῳ
722 1179 967 1225 φράσσασθαι,
993 1179 1162 1216 ὁθούνεκεν
1186 1179 1259 1216 οὔτέ
1285 1193 1319 1216 τι
1344 1180 1441 1225 λαρὸν

547 1248 613 1284 οὔτ’
641 1249 754 1293 ἐρατὸν
777 1249 870 1294 κούρη
894 1263 950 1285 κεν
975 1249 1055 1289 ἔπος
1080 1247 1368 1294 προτιμυθήσαιτο

545 1316 664 1361 ἠιθέῳ,
690 1315 758 1353 εὖτ’
784 1317 825 1353 ἄν
849 1320 932 1363 σφιν
956 1318 1122 1359 ἐπήλυδες
1147 1317 1245 1353 ἄλλοι
1270 1317 1424 1354 ἕπωνται.

546 1384 654 1429 ἔρροις,
679 1382 703 1420 ὦ
726 1385 925 1428 κακόμαντι,
949 1385 1173 1430 κακοφραδές·
1200 1385 1272 1420 οὐδέ
1300 1399 1337 1420 σε
1364 1384 1488 1429 Κύπρις

545 1452 582 1489 οὔ
603 1455 636 1489 τ’
662 1453 779 1497 azymo}
804 1454 980 1500 φιλέοντες
1005 1440 1224 1491 ἐπιπνείουσιν
1248 1455 1415 1500 ’Έρωτες,

372 1522 440 1558 hoc
476 1522 591 1567 igitur
625 1523 751 1559 audito
789 1524 959 1560 Iasonem
992 1524 1209 1560 adhortatur
1233 1525 1277 1559 ut
1303 1524 1404 1559 solus
1429 1523 1467 1559 in
1492 1523 1674 1568 templum

374 1591 485 1628 abeat
509 1589 745 1641 (912—946).

424 1658 524 1703 Quae
550 1662 775 1704 sequuntur,
800 1662 933 1705 quibus
953 1662 1102 1697 Medeae
1124 1662 1309 1706 cupientis
1322 1662 1434 1697 anxia
1445 1660 1674 1706 exspectatio

375 1726 615 1773 describitur,
639 1737 712 1765 non
738 1737 889 1773 possum
915 1728 1003 1773 quin
1029 1728 1176 1765 laudem
1202 1728 1274 1765 948
1302 1737 1397 1773 seq.:

498 1795 532 1829 οὐ
558 1794 657 1838 δ’ἄρα
682 1795 830 1836 Μηδείης
855 1795 964 1837 θυμὸς
989 1795 1133 1838 τράπετ’
1160 1794 1246 1829 ἄλλο
1271 1800 1399 1835 νοῆσαι,

497 1861 716 1904 μελπομένης
742 1875 805 1906 περ
828 1860 926 1904 ὅμως·
953 1863 1063 1897 πᾶσαι
1089 1861 1126 1897 δέ
1152 1861 1198 1902 οἱ,
1225 1860 1321 1902 ἥντιν’
1347 1860 1462 1906 άθύροι

497 1931 650 1974 μολπήν,
680 1931 735 1966 οὐκ
760 1932 817 1967 ε’πι
842 1931 932 1976 δηρὸν
956 1930 1136 1976 ἐφήνδανεν
1161 1929 1364 1975 ἑψιάασθαι.

496 1999 593 2034 α’λλοὶ
618 2001 898 2043 μεταλλήγεσκεν
923 1999 1122 2043 ἀμήχανος,
1148 1999 1182 2034 οὐ
1206 1998 1254 2034 δέ
1283 2000 1356 2034 ποτ’
1382 1998 1458 2034 ὄσσε

494 2069 704 2113 ἀμφιπόλων
728 2066 813 2111 μεθ’
839 2066 952 2110 ὅμιλον
981 2066 1037 2111 ἔχ’
1063 2066 1226 2111 ἀτρέμας·
1253 2067 1287 2107 ἐς
1311 2066 1348 2102 δὲ
1373 2065 1551 2107 κελεύθους

495 2137 616 2177 τηλόσε
641 2135 896 2175 παπταίνεσκε,
922 2134 1172 2179 παρακλίνουσα
1196 2134 1348 2178 παρειάς.

496 2202 516 2246 ἦ
541 2203 647 2248 θαμὰ
674 2204 712 2245 δὴ
738 2201 888 2245 στηθέων
913 2201 998 2246 ἐάγη
1023 2202 1121 2247 κέαρ,
1147 2201 1273 2238 ὁππότε
1300 2202 1414 2238 δοῦπον

495 2274 514 2314 ἢ
541 2273 639 2313 ποδὸς
664 2273 683 2314 ἢ
709 2272 842 2314 άνέμοιο
867 2270 1133 2316 παραθρέξαντα
1158 2270 1309 2306 δοάσσαι.

494 2340 602 2385 αὐτὰρ
629 2339 680 2384 ὅγ’
708 2340 742 2376 οὐ
767 2352 861 2383 μετα
886 2337 978 2383 δηρὸν
1003 2337 1179 2383 ἐελδομένῃ
1205 2337 1366 2383 ἐφαάνθη
