1874 2826
819 285 868 323 95

196 393 274 430 sint
311 392 455 442 orituri)
483 393 658 440 imponit,
684 393 868 440 pollicitus
891 402 933 431 se
958 394 993 431 ei
1017 394 1112 431 hanc
1136 393 1326 430 fortunam
1350 393 1498 429 tentare

195 470 287 498 auso
322 461 440 498 vellus
476 462 650 499 daturum
675 472 769 499 esee.
794 463 854 498 Ad
879 472 974 507 quae
999 463 1108 498 Iason
1133 471 1270 507 magno
1293 460 1419 497 animo
1442 469 1499 496 re-

196 528 353 575 spondet
383 539 423 567 se
454 530 553 566 hunc
581 530 742 567 laborem
766 540 849 567 esse
873 532 1133 568 sustenturum
1159 529 1219 567 vel
1243 529 1278 566 si
1303 537 1405 565 mors
1428 527 1500 564 sibi

195 598 321 637 fatalis
345 598 397 635 sit
421 598 656 646 (367—432).
690 599 866 645 Magnum
891 609 982 636 sane
1006 600 1203 636 discrimen
1228 599 1328 636 inter
1351 597 1500 643 Apollo·

195 666 348 707 ninnum
372 667 544 703 Iasonem
569 676 643 703 non
668 667 854 704 heroicum
879 667 1029 712 quidem
1050 667 1116 704 sed
1129 669 1229 703 recte
1241 666 1498 709 dubitantem,

196 744 288 772 num
323 735 485 772 laborem
521 733 700 779 suscipiat
735 735 776 770 et
811 734 1053 771 Valerianum
1089 734 1193 770 illum
1224 742 1368 779 pugnas
1391 741 1499 770 exse·

197 804 385 849 crantem,
422 811 508 839 cum
535 811 559 838 a
582 810 668 847 rege
692 801 859 838 animum
885 801 1017 838 mitem
1043 801 1245 838 simulante
1269 810 1428 847 aequas,
1452 802 1498 838 ut

196 870 409 914 videbatur,
446 869 677 907 condiciones
708 870 927 907 audivisset.
966 870 1078 906 Iussu
1111 870 1209 914 regis
1233 870 1359 916 Iason,
1384 879 1497 915 quem

196 937 323 975 Medea
353 947 478 974 amore
501 938 670 992 perculsa
692 938 806 974 oculis
830 939 1062 983 prosequitur
1077 965 1086 982 ‚
1111 940 1151 973 et
1175 938 1284 974 amici
1307 938 1353 973 ad
1378 938 1498 974 socios

198 1005 398 1052 decedunt,
424 1005 469 1041 cf.
495 1005 567 1041 444
593 1014 680 1050 seq:

393 1139 478 1182 λοξὰ
503 1153 596 1184 παρα
621 1141 763 1185 λιπαρὴν
789 1141 942 1185 σχομένη
966 1139 1080 1182 θηεῖτο
1105 1140 1314 1184 καλύπτρην,

323 1233 327 1237 ⁴
393 1212 451 1252 κῆρ
476 1206 566 1252 ἄχεϊ
587 1207 780 1252 σμύχουσα·
806 1208 872 1248 νόος
897 1208 934 1243 δέ
960 1209 989 1244 οἱ
1014 1207 1085 1249 ἠύτ’
1107 1207 1219 1251 ὄνειρος

398 1274 541 1320 ἑρπύζων
566 1275 736 1318 πεπότητο
761 1278 841 1320 μετ’
869 1275 964 1321 ἴχνια
988 1276 1204 1319 νισσομένοιο,

199 1344 391 1389 Chalciope
420 1353 563 1389 quoque
587 1346 729 1382 Aeetae
752 1346 845 1382 iram
871 1346 1133 1382 vehementem
1158 1345 1280 1382 verita
1303 1354 1389 1381 cum
1414 1345 1501 1382 filiis

199 1421 348 1458 egressa
371 1414 432 1449 est
456 1415 496 1449 et
520 1413 631 1449 simul
654 1413 800 1456 Medea,
827 1414 886 1450 cui
911 1423 1059 1458 semper
1079 1416 1169 1450 ante
1193 1413 1317 1449 oculos
1328 1415 1500 1450 versatur

199 1479 326 1523 Iason,
361 1479 479 1524 qualis
516 1480 568 1516 sit
604 1483 644 1516 et
675 1482 808 1525 quibus
840 1482 1009 1518 vestibus
1034 1481 1205 1527 indutus,
1232 1490 1328 1526 quae
1352 1481 1498 1517 dixerit.

199 1548 303 1585 Haec
327 1547 450 1584 omnia
473 1549 513 1584 et
537 1548 707 1585 habitum
732 1549 813 1585 eius
839 1549 919 1586 sive
943 1549 1109 1586 sedentis
1133 1549 1215 1585 sive
1239 1548 1366 1586 euntis
1385 1557 1503 1586 reeor-

201 1617 321 1663 datur,
346 1617 386 1652 et
407 1617 528 1653 verita
552 1626 600 1653 ne
625 1618 759 1654 misere
783 1619 910 1663 pereat
936 1617 1118 1663 suspirat,
1145 1617 1189 1654 cf.
1216 1618 1289 1654 460
1313 1626 1390 1662 seq2

616 1683 745 1729 ὅδύρετο
770 1684 879 1726 δ’ἦύτε
903 1684 1056 1728 πάμπαν

347 1752 407 1794 ἤδη
430 1752 635 1794 τεθνειῶτα,
660 1752 751 1798 τέρεν
775 1753 812 1789 δέ
840 1754 868 1788 οἱ
893 1754 992 1798 ἀμφι
1017 1752 1160 1798 παρειὰς

349 1820 484 1866 δάκρυον
508 1821 670 1866 αἰνοτάτῳ
694 1822 775 1867 ἐλέῳ
799 1822 849 1866 ῥέε
873 1821 1089 1867 κηδοσύνῃσιν.

348 1887 414 1931 ἧκα
438 1890 474 1926 δὲ
500 1890 665 1935 μυρομένη
690 1890 809 1934 λιγέως
835 1890 1024 1927 ἀνενείκατο
1047 1889 1155 1934 μῦθον

349 1958 477 1999 ,,τίοι’τ’
504 1958 567 2001 ἐμὲ
592 1958 741 2000 δειλαίην
767 1959 836 1995 τόδ’
863 1959 939 2003 ἔχει
966 1959 1075 2004 &xm
1100 1958 1169 1994 εἴθ’
1195 1957 1253 2001 ὅγε
1273 1957 1407 1994 πάντων

349 2025 519 2072 φθίσεται
543 2027 645 2072 ἡρώων
668 2027 957 2073 προφερέστατος,
984 2027 1055 2064 εἴτε
1077 2027 1233 2073 χερείων,

349 2095 475 2139 ἐρρέτω.
505 2093 525 2136 ἦ
548 2096 611 2138 μὲν
635 2095 782 2140 ὄφελλεν
807 2097 936 2141 α’κήριος
960 2095 1188 2138 ἐξαλέασθαι.

349 2162 402 2197 ναὶ
426 2163 466 2203 δη
490 2163 649 2206 τοῦτόγε,
673 2163 781 2199 πότνα
805 2163 875 2199 3εὰ
900 2163 1042 2208 Περσηί,
1070 2163 1222 2202 πέλοιτο,

350 2229 462 2266 οἴκαδε
486 2231 650 2273 νοστήσειε
674 2232 790 2276 φυγὼν
815 2231 929 2277 μόρον,
958 2232 987 2268 εἶ
1013 2231 1049 2268 δέ
1074 2245 1133 2275 μιν
1157 2228 1239 2267 αἶσα

350 2297 518 2341 δμηθῆναι
543 2299 607 2335 ὑπὸ
633 2299 748 2342 βουσί,
773 2300 849 2336 τάδε
875 2299 1080 2346 προπάροιθε
1106 2300 1220 2341 δαείη,

348 2365 472 2401 οὕνεκεν
499 2366 536 2400 οὔ
559 2367 594 2401 οἷ’
610 2365 718 2408 ἔγωγε
741 2373 828 2411 κακῇ
853 2368 1067 2409 ἐπαγαίομαι
1093 2367 1171 2411 ἄτη.
