1874 2826
430 748 604 796 Apollonii
631 748 753 788 Rhodii
778 748 1040 797 Amen-uticem
1066 748 1254 788 izi—558
1277 750 1315 788 ot

648 816 778 856 valor-n
804 816 922 856 Flacci
948 816 1036 856 liber
1061 817 1084 855 1.

273 923 443 960 Valerius
479 924 632 960 Flaccus
670 925 799 969 incipit
837 925 1004 961 sollemni
1041 934 1102 961 ore
1135 925 1307 961 nuntiare
1340 934 1380 961 se
1405 926 1521 962 maria

222 993 353 1037 aperta
373 991 633 1037 fatidicamque
653 1001 790 1028 navem
802 993 841 1028 et
853 992 952 1029 coelo
966 994 1156 1038 acceptam
1167 995 1364 1029 canturum
1376 1002 1458 1029 esse
1472 993 1519 1039 1).

225 1059 432 1096 Grandibus
477 1060 600 1096 verbis
639 1059 848 1105 Apollinem
884 1060 1033 1097 invocat
1069 1062 1110 1097 et
1146 1060 1276 1097 humili
1311 1060 1520 1097 adulatione
1548 1081 1551 1083 -

223 1128 420 1164 Caesarem
431 1130 602 1173 precatur
613 1131 673 1172 ut,
688 1129 782 1165 alter
793 1129 985 1166 Maecenas
994 1157 1003 1175 ,
1026 1139 1068 1166 se
1079 1129 1192 1166 labori
1203 1129 1340 1166 forensi
1352 1131 1521 1175 ereptum

223 1198 413 1233 sustentet
423 1197 468 1233 ad
479 1197 671 1242 narranda,
683 1207 778 1242 quae
790 1197 943 1234 Latinas
954 1199 1065 1235 urbes
1077 1198 1318 1235 admiratione
1330 1197 1519 1243 impleant.

223 1263 318 1300 Vide
342 1264 606 1309 arrogantiam,
624 1265 730 1309 quasi
754 1266 1003 1302 Romanorum
1023 1265 1233 1302 interfuerit
1256 1265 1401 1310 audire,
1426 1274 1520 1310 quae

222 1333 468 1378 mythologica
487 1333 585 1370 facta
605 1333 774 1371 Graeculi
794 1337 882 1371 ante
900 1334 1095 1371 Homerica
1114 1336 1283 1380 tempora
1302 1333 1518 1379 gessissent.

270 1400 534 1441 Haemoniam,
578 1403 622 1437 ut
666 1401 837 1438 Valerius
873 1404 1136 1447 argumentum
1173 1410 1355 1447 exponere
1379 1402 1517 1445 coepit,

218 1469 368 1513 regebat
392 1478 459 1504 rex
483 1468 623 1515 PeliaS‚
649 1470 713 1514 qui
738 1471 892 1507 oraculis
917 1470 1050 1516 (qualia
1073 1470 1232 1515 fuerint,
1257 1472 1384 1506 noster
1403 1468 1525 1516 tacet)

221 1537 364 1573 veritus
389 1546 435 1573 ne
459 1538 505 1574 ab
529 1538 659 1576 Iasone
683 1538 843 1576 Aesonis
866 1538 940 1575 filio
963 1538 1003 1574 vi
1022 1538 1210 1584 interiret,
1224 1538 1271 1574 ab
1282 1537 1519 1583 affine‚quod

220 1605 261 1641 in
293 1605 444 1642 Graecia
472 1606 615 1643 nullum
637 1607 840 1651 periculum
863 1607 939 1643 iam
963 1607 1199 1648 imminebat,
1223 1606 1359 1651 petivit
1381 1607 1426 1642 ut
1447 1606 1517 1642 sibi

220 1673 339 1709 vellus
371 1682 544 1717 aureum,
578 1674 674 1719 quod
698 1674 859 1711 Phrixus
886 1675 926 1710 in
951 1673 1116 1710 Colchide
1141 1673 1364 1709 sacravisset
1387 1673 1515 1716 Marti,

219 1741 421 1777 reduceret.
460 1741 637 1786 Sperabat
673 1741 774 1778 enim
810 1742 888 1778 fore
925 1744 969 1778 ut
996 1741 1034 1777 in
1058 1741 1190 1777 itinere
1213 1740 1322 1777 Iason
1345 1742 1516 1786 periculis

219 1809 486 1846 succumberet.
521 1809 607 1846 Mox
634 1811 788 1854 patuere
813 1810 886 1847 doli
918 1811 958 1846 et
981 1809 1088 1846 Iason
1121 1808 1272 1850 dubius,
1297 1808 1384 1853 quid
1408 1810 1512 1854 agat,

219 1876 285 1913 sed
329 1877 463 1922 gloriae
508 1878 662 1924 cupidus
707 1880 747 1915 et
781 1878 934 1915 Iunonis
971 1877 1080 1924 (quod
1116 1886 1251 1921 magna
1287 1877 1514 1922 tempestate

217 1947 343 1981 coorta
366 1953 450 1981 eam
475 1954 540 1990 per
563 1945 743 1990 Enipeum
763 1944 916 1993 tulerat)
947 1944 1173 1988 Palladisque
1194 1946 1300 1989 (quae
1324 1944 1405 1979 eius
1423 1943 1512 1979 deae

217 2013 346 2049 auxilii
369 2022 481 2050 causa
505 2013 635 2056 fuerit,
660 2023 731 2050 non
757 2015 885 2050 monet
903 2012 1086 2058 Valerius)
1098 2020 1204 2057 opem
1224 2020 1378 2056 sperans
1389 2011 1512 2048 audax

218 2080 411 2117 consilium
436 2083 564 2117 mente
589 2081 746 2125 concipit
771 2080 933 2128 (1—90).
955 2080 1054 2117 Deae
1074 2079 1216 2115 Iasonis
1233 2079 1402 2123 precibus
1414 2079 1513 2116 dicto

217 2148 410 2186 audientes
447 2151 537 2185 sunt
573 2152 612 2186 et
647 2149 765 2187 altera
798 2147 982 2195 Thespias
1014 2147 1159 2184 devolat
1182 2146 1274 2192 Argi
1298 2147 1512 2184 cohortandi

217 2235 329 2262 causa
353 2227 398 2261 ut
421 2235 462 2262 se
487 2227 686 2263 adiuvante
710 2236 847 2263 navem
870 2226 1048 2263 aedificet.
1070 2225 1124 2261 At
1142 2224 1233 2260 Iuno
1253 2224 1382 2260 heroes
1393 2225 1512 2271 Argo-

259 2343 293 2382 1)
315 2342 465 2375 Martialis
472 2343 538 2375 VII
546 2355 553 2375 :
564 2344 610 2375 IX
617 2343 702 2376 docet
709 2344 913 2384 fragmentum
924 2343 1011 2375 navis
1022 2343 1055 2374 in
1065 2342 1128 2374 foro
1135 2342 1270 2373 Romano
1278 2342 1393 2374 ostendi
1402 2343 1497 2375 solere
1506 2345 1516 2375 l
