1874 2826
918 279 965 316 36

294 387 439 424 triremi
453 389 492 424 et
505 389 587 433 post
600 387 764 432 equitem
778 386 884 423 sedet
896 387 978 422 atra
991 395 1078 422 cura
1095 406 1143 412 —
1161 395 1243 423 sero
1255 386 1396 425 iustam
1408 389 1489 426 eius
1501 390 1596 427 iram

295 457 459 491 veretur.
489 455 573 490 Dux
598 455 710 499 igitur
735 455 847 490 anxia
872 457 998 490 mente
1022 454 1231 500 praesagit,
1255 454 1343 498 quid
1366 456 1406 491 in
1430 458 1550 500 patria
1573 466 1596 492 a

295 522 443 560 furente
461 531 546 568 rege
571 522 717 559 miseris
734 523 950 568 parentibus
976 524 1016 559 et
1029 522 1099 559 sibi
1111 521 1317 559 immineat.
1342 505 1463 560 Pelias
1476 524 1596 562 dolore

296 591 356 627 sui
379 592 498 636 impos
522 591 562 626 in
584 591 690 626 litore
716 600 853 627 navem
878 593 1165 627 evanescentem
1189 591 1320 633 oculis,
1340 600 1454 635 quam
1470 592 1596 628 diutis-

296 660 391 696 sime
427 660 567 705 potest,
618 658 757 696 frustra
794 658 1043 705 persequitur,
1095 660 1140 696 ut
1177 659 1263 696 olim
1296 659 1432 696 Minoia
1467 660 1597 697 cohors

295 728 498 764 Daedalum
517 728 586 764 alis
611 729 809 764 sublimem
821 738 862 764 se
874 728 1069 764 tollentem
1082 729 1187 765 vidit.
1206 729 1420 773 Apollonius
1432 729 1598 765 Rhodius

295 797 446 832 tantum
482 798 609 833 narrat
637 796 778 833 Peliam
809 796 992 841 veritum,
1019 805 1067 833 ne
1091 797 1138 833 ab
1163 796 1312 842 Iasone,
1339 796 1483 834 aemulo
1508 805 1595 842 suo,

293 873 407 908 regno
431 865 695 911 expelleretur,
721 865 836 901 maris
862 868 902 902 et
927 866 1138 910 peregrinae
1151 866 1310 911 regionis
1321 867 1490 911 periculis
1502 866 1596 902 obie-

294 931 390 967 cisse
403 940 490 968 eum
502 933 603 969 omni
616 933 722 978 culpa
733 935 942 970 vacantem.
956 933 1010 969 At
1022 933 1062 970 in
1074 933 1212 976 Valerii
1224 934 1387 971 carmine
1396 934 1596 971 misericor-

296 1000 398 1036 diam
421 1002 548 1036 movet
574 1000 653 1043 ille,
680 1001 838 1037 crudelis
864 1002 1014 1045 quidem
1038 1003 1222 1046 tyrannus
1236 1003 1301 1038 sed
1314 1003 1596 1039 amantissimus

296 1069 404 1113 pater
413 1094 423 1113 ,
444 1067 506 1111 qui
527 1067 600 1104 filio
612 1069 718 1113 rapto
731 1069 852 1105 iustas
864 1078 1002 1113 poenas
1014 1069 1060 1105 ab
1073 1068 1201 1106 Iasone
1214 1069 1367 1115 eiusque
1379 1069 1595 1115 parentibus

297 1144 445 1171 sumere
458 1134 622 1171 decrevit
635 1135 871 1182 (709—729).
892 1136 1096 1173 Parentum
1108 1139 1236 1173 autem
1252 1147 1352 1173 mors
1367 1138 1595 1182 Argonauta

296 1211 381 1239 rum
406 1201 510 1237 ducis
533 1202 822 1247 imprudentiam
848 1205 887 1240 et
910 1204 1041 1241 inutile
1066 1204 1208 1241 facinus
1219 1207 1399 1250 aggravat
1410 1207 1449 1241 et
1461 1213 1597 1250 magna

295 1269 519 1306 contumelia
544 1279 629 1306 eum
655 1270 784 1308 afficit.
811 1271 945 1308 Scrobe
969 1272 1069 1308 facta
1098 1275 1137 1308 et
1162 1282 1288 1309 cruore
1320 1273 1437 1309 effuso
1465 1274 1596 1309 umbra

295 1336 539 1387 progenitoris
559 1337 706 1375 Crethei
729 1339 769 1375 in
797 1340 915 1376 hortis
940 1342 1112 1386 evocata,
1138 1343 1182 1377 ut
1205 1340 1332 1378 futura
1355 1344 1477 1385 canat,
1501 1341 1595 1378 Alci-

296 1405 426 1442 medae
453 1408 493 1440 et
516 1405 657 1442 Aesoni
681 1408 908 1444 vaticinatur
933 1408 1051 1444 filium
1077 1418 1201 1445 eorum
1216 1409 1386 1445 Iasonem
1399 1409 1545 1445 salvum
1557 1410 1597 1445 in

296 1475 457 1518 patriam
484 1474 691 1510 rediturum
728 1483 831 1520 esse,
869 1476 910 1510 at
950 1484 1013 1512 eos
1047 1475 1147 1520 ipsos
1171 1485 1260 1513 mox
1285 1486 1308 1512 a
1334 1485 1419 1522 rege
1442 1476 1595 1513 ultionis

296 1544 427 1588 cupido
471 1544 712 1580 interfectum
749 1543 803 1579 iri.
843 1543 1081 1580 Famulorum
1118 1544 1254 1581 clamor
1290 1547 1418 1581 monet
1453 1545 1595 1580 instare

297 1613 457 1647 mortem
494 1611 627 1646 misero
661 1610 760 1655 seni,
786 1610 849 1654 qui
875 1619 980 1646 sacra
1009 1611 1246 1657 praecipitat,
1272 1613 1316 1648 ut
1341 1612 1495 1648 solemni
1520 1613 1596 1648 ritu

297 1682 446 1724 peracto
477 1679 623 1715 Crethei
656 1680 786 1715 umbra
819 1679 865 1715 ad
890 1679 1018 1715 Manes
1043 1679 1161 1716 redire
1184 1681 1314 1725 possit.
1342 1664 1435 1724 Quid
1457 1680 1596 1717 faciat?

296 1746 453 1783 Dubitat
464 1756 512 1782 an
524 1746 571 1782 ad
583 1749 742 1782 mortem
755 1756 872 1791 usque
884 1747 1004 1791 patria
1016 1747 1157 1784 virtute
1169 1757 1210 1783 se
1223 1757 1299 1783 non
1316 1747 1497 1784 defendat.
1511 1747 1596 1784 Par-

297 1824 389 1851 vum
403 1817 530 1850 autem
543 1814 659 1849 filium
671 1814 798 1850 volens
814 1824 989 1861 „magnos
1001 1815 1146 1851 animos
1159 1817 1198 1851 et
1207 1815 1317 1852 fortia
1325 1814 1465 1851 discere
1473 1815 1594 1852 facta''

297 1882 368 1917 sibi
393 1883 433 1917 et
453 1881 560 1916 uxori
579 1889 695 1924 aequo
707 1881 830 1916 animo
843 1883 1002 1917 mortem
1014 1881 1239 1917 consciscere
1252 1881 1426 1917 decernit.
1452 1882 1596 1933 Morum

260 1988 262 1990 ,
295 1952 335 1986 et
367 1949 506 1986 aetatis
530 1948 683 1984 heroum
707 1948 888 1984 rationem
912 1949 1062 1986 habenti
1085 1949 1216 1985 afferre
1240 1950 1364 1994 potest
1387 1949 1597 1987 admiratio-

294 2027 382 2054 nem
406 2025 537 2053 senem
562 2018 722 2051 mortem
746 2016 993 2052 voluntariam
1017 2017 1133 2061 pluris
1145 2025 1258 2060 quam
1270 2016 1522 2053 defensionem
1535 2019 1594 2054 sui

296 2087 469 2124 ultimam
505 2085 717 2121 aestimare.
768 2083 940 2120 Valerius
977 2085 1106 2121 autem
1142 2086 1230 2120 ante
1267 2085 1389 2122 oculos
1425 2088 1596 2133 exempla

296 2154 426 2190 habuit
450 2153 509 2188 sui
534 2152 728 2197 temporis,
762 2160 856 2195 quae
887 2151 965 2196 ipse
992 2152 1140 2188 laudare
1165 2152 1321 2189 videtur.
1347 2153 1455 2190 Multi
1479 2156 1593 2202 enim,

296 2222 360 2267 qui
397 2230 504 2267 aegre
528 2221 691 2257 ferentes
716 2219 769 2256 rei
794 2219 959 2265 publicae
984 2219 1159 2256 instituta
1185 2220 1406 2258 obsolevisse
1430 2223 1469 2258 et
1493 2224 1595 2261 cives

297 2291 484 2326 Romanos
507 2289 620 2326 unius
645 2288 798 2333 imperio
824 2287 1010 2323 subiectos
1035 2296 1137 2328 esse,
1158 2297 1226 2324 nec
1247 2290 1359 2325 verba
1375 2299 1443 2326 nec
1466 2292 1595 2328 vultus

296 2366 527 2403 compescere
551 2358 768 2402 potuerant,
790 2354 1040 2392 coniuratione
1052 2355 1236 2401 patefacta
1248 2358 1288 2393 et
1301 2366 1365 2403 spe
1376 2359 1595 2404 reipublicae
