1874 2826
303 243 367 268 VIII

864 345 1040 381 XXVIII.

345 451 388 487 In
412 451 619 488 Homericis
643 449 867 487 editionibus
892 452 1045 497 formae,
1071 450 1199 495 quales
1224 448 1412 485 ἀντεόωσαν.
1436 450 1466 487 11
1493 453 1510 487 1
1528 452 1599 489 :31

296 520 433 564 ubique
458 519 660 555 reiciendae
686 520 776 553 sunt
801 521 840 555 et
866 520 1092 564 ponendum:
1120 517 1329 552 ἀντιάουσαιν.

880 637 1014 672 XXIX
1020 665 1027 672 .

345 734 545 779 Personae,
580 733 712 778 quibus
746 732 947 769 histriones
979 733 1105 770 Graeci
1130 734 1169 768 et
1195 732 1352 768 Romani
1375 732 1596 778 utebantur,

300 811 425 837 vocem
450 811 523 837 non
547 801 801 836 intendebant.

884 908 1013 944 XXX.

345 1006 388 1041 In
413 1006 494 1041 vita
518 1008 556 1041 et
583 1005 690 1040 factis
707 1005 841 1040 Tiberii
862 1006 1078 1040 enarrandis
1099 1005 1221 1040 Tacito
1241 1004 1334 1040 fides
1354 1004 1596 1041 abiudicanda

297 1076 368 1110 est.

874 1169 1020 1205 XXXL

345 1268 428 1304 Non
453 1269 553 1303 recte
578 1267 731 1302 historia
755 1267 923 1302 Romana
948 1276 1045 1303 anno
1071 1267 1142 1302 476
1167 1266 1401 1302 concluditur.

866 1382 1031 1419 XXXII.

344 1483 540 1519 Transitus
566 1492 629 1527 per
654 1483 769 1527 Alpes
793 1491 893 1518 error
917 1482 998 1517 erat
1024 1481 1127 1517 ducis
1152 1478 1380 1518 Hannibalis.

855 1599 1038 1634 XXXIII.

344 1698 482 1734 Grothe
514 1697 770 1733 Alexandrum
803 1697 977 1741 Magnum
1011 1696 1258 1731 calumniatur
1287 1697 1325 1731 in
1350 1696 1502 1732 historia
1527 1706 1596 1733 sua

294 1766 444 1802 Graeca.

853 1872 1033 1907 XXXIV.

342 1974 496 2020 Egregie
528 1974 666 2011 fallitur
699 1974 852 2020 Eymael
885 1973 923 2009 in
949 1974 1163 2018 explicando
1189 1982 1301 2010 versu
1326 1974 1374 2010 89
1399 1969 1592 2020 carminis,

293 2043 389 2087 quod
419 2043 632 2079 inscribitur
664 2043 918 2087 Prosopopoea
952 2040 1169 2088 (Hofwijck.
1196 2046 1278 2087 pag.
1307 2042 1352 2077 18
1376 2042 1597 2079 Adnotatio-

293 2109 417 2156 num):
448 2110 520 2156 „Ik
546 2111 738 2156 vermoed,
765 2111 830 2147 dat
854 2111 933 2146 niet
959 2109 1189 2155 gezinspeeld
1214 2110 1334 2146 wordt
1358 2109 1404 2156 'o'p
1428 2114 1496 2147 'een
1521 2121 1596 2147 van

294 2179 474 2223 Huygens
500 2179 683 2222 bedillers,
710 2180 768 2215 die
794 2179 944 2215 Reinier
967 2178 1008 2214 of
1023 2178 1101 2214 Vos
1122 2179 1267 2224 heette;
1295 2177 1370 2214 'tis
1382 2179 1443 2225 mij
1458 2180 1594 2216 anders

294 2247 371 2282 niet
407 2247 596 2293 duidelijk‚
636 2258 798 2284 waarom
836 2248 916 2283 hier
948 2256 1022 2283 van
1055 2247 1201 2292 Reintje
1235 2247 1439 2293 gesproken
1465 2249 1596 2286 wordt.

295 2314 403 2359 Verg.
441 2316 563 2352 Sneld.
603 2316 648 2352 bl.
691 2316 779 2357 103,
827 2317 891 2352 dat
928 2317 987 2351 tot
1024 2315 1201 2359 opschrift
1237 2316 1384 2360 draagt:
1423 2317 1593 2352 Reiniers
