1874 2826
835 251 882 295 43

208 357 447 403 desperantes
472 359 678 396 Aithalides
703 360 749 395 ab
770 358 899 395 Iasone
920 357 1075 393 nuntius
1089 357 1230 392 missus
1247 356 1291 391 ut
1304 355 1506 399 hospitium

209 426 314 471 petat
322 453 331 470 ,
359 435 445 462 mox
469 426 642 470 affirmat,
655 428 696 463 et
707 426 876 463 contione
889 426 1069 462 advocata
1082 426 1136 467 ut,
1150 423 1331 470 quomodo
1344 422 1508 459 advenas

207 494 365 539 recipere
397 496 560 541 possint,
586 495 807 542 deliberent,
831 495 958 539 regina
990 495 1163 531 mulieres
1190 494 1428 538 adhortatur,
1464 494 1508 528 ut

208 562 385 607 pecudem
409 565 448 599 et
473 563 702 599 frumentum
725 564 924 608 praebeant
948 572 1066 607 neque
1088 565 1215 599 tamen
1228 563 1365 599 nautas
1378 562 1507 598 urbem

208 632 344 667 intrare
369 632 513 668 sinant:
539 632 741 676 periculum
765 631 865 666 enim
889 640 973 666 esse
998 641 1044 667 ne
1071 631 1142 667 illis
1163 631 1323 676 hospitio
1343 629 1504 674 receptis

206 701 247 736 et
275 699 411 736 nefaria
435 708 474 735 re
499 698 685 744 patefacta
708 698 808 734 fama
832 707 960 735 omnes
985 701 1125 744 urgeat.
1151 699 1206 735 At
1232 697 1440 735 veneranda
1465 699 1506 733 et

207 768 413 812 grandaeva
438 767 607 803 sacerdos
632 767 771 811 Polyxo
795 769 922 801 monet
954 767 1054 802 cives
1088 776 1195 811 suas,
1223 776 1317 811 quae
1343 767 1504 802 minores

205 836 284 871 sint
320 836 426 876 natu,
465 835 594 878 postea
630 834 842 878 virginitate
880 834 940 869 vel
973 833 1154 870 viduitate
1188 836 1365 879 perpetua
1389 834 1435 869 ad
1461 842 1502 869 se

206 902 451 939 defendendas
474 902 574 946 prole
598 903 765 938 carentes
786 902 953 938 hostibus
976 904 1015 937 et
1035 902 1125 937 fami
1150 902 1334 937 obiectum
1357 903 1421 937 iri:
1436 911 1502 937 nec

204 971 307 1006 enim
330 978 437 1014 agros
463 978 530 1004 sua
553 971 685 1014 sponte
706 969 829 1012 fruges
850 969 945 1004 ferre
966 978 1085 1013 neque
1105 971 1232 1004 tauros
1245 970 1342 1004 nullo
1355 969 1503 1004 iubente

205 1040 330 1074 aratro
342 1038 461 1082 iungi:
476 1039 516 1073 at
524 1038 694 1082 seipsam
705 1037 781 1073 iam
796 1037 961 1073 vetulam
975 1046 1061 1072 mox
1075 1047 1098 1072 a
1110 1037 1310 1073 iunioribus
1323 1038 1455 1072 honore
1468 1039 1507 1072 et

207 1105 393 1141 beneficiis
409 1106 556 1140 auctam
569 1105 763 1146 obituram,
779 1114 852 1140 non
865 1114 970 1140 suam
986 1105 1051 1140 sed
1065 1105 1202 1140 civium
1216 1113 1366 1139 causam
1379 1113 1503 1147 agere:
1556 1138 1559 1139 γ

207 1182 249 1209 se
261 1173 375 1218 igitur
386 1172 549 1213 suadere,
563 1174 606 1208 ut-
615 1170 842 1219 bonajomnia
850 1174 890 1209 et
903 1173 1032 1209 urbem
1045 1173 1165 1218 ipsam
1178 1172 1331 1208 advenis
1339 1172 1504 1208 commit-

206 1243 291 1278 tant
316 1250 427 1285 seque
452 1241 552 1277 omni
577 1241 726 1286 periculi
751 1241 884 1277 timore
908 1242 1074 1278 liberent.
1102 1241 1235 1286 Magno
1259 1250 1441 1277 consensu
1467 1242 1506 1276 et

203 1310 362 1346 clamore
386 1309 425 1345 in
450 1310 530 1346 eius
541 1309 768 1346 sententiam
781 1310 945 1347 decernit
957 1310 1078 1346 contio
1093 1310 1289 1346 mulierum
1299 1337 1308 1353 ,
1323 1319 1416 1354 quae
1434 1319 1505 1345 non

206 1378 312 1423 plane
337 1377 502 1414 virilibus
526 1377 661 1413 animis
686 1377 850 1413 imbutae
874 1378 952 1422 spei
978 1378 1114 1414 amoris
1140 1380 1180 1413 et
1204 1377 1374 1413 connubii
1386 1377 1505 1413 laetae

207 1446 416 1491 indulgent!
445 1445 639 1481 Mulierum
664 1445 855 1490 timorem,
878 1446 1099 1490 prudentem
1117 1445 1347 1482 sententiam
1358 1445 1504 1490 reginae

206 1513 358 1559 veritae,
384 1522 431 1549 ne
455 1514 493 1549 in
518 1512 676 1549 dedecus
700 1513 800 1549 cives
826 1523 915 1549 suae
941 1515 1112 1559 veniant,
1143 1514 1343 1559 Polyxonis
1363 1513 1454 1549 utile
1467 1515 1507 1549 et

207 1582 408 1618 iunioribus
433 1584 513 1617 tam
538 1583 686 1625 gratum
710 1581 900 1617 consilium
926 1582 1144 1625 Apollonius
1172 1591 1257 1617 vere
1283 1584 1322 1617 et
1347 1582 1505 1617 iucunde

206 1659 279 1687 non
305 1649 385 1685 sine
411 1649 531 1694 lepore
556 1648 714 1693 quodam
740 1649 913 1694 (gaudent
938 1649 1038 1686 enim
1058 1650 1154 1694 quod
1168 1649 1295 1686 man'ti
1307 1649 1505 1695 venerunt)

204 1718 400 1762 descripsit
425 1715 659 1763 (608—701).
689 1718 724 1759 l)

255 1785 310 1820 At
353 1784 437 1820 vide
482 1793 554 1828 quo
591 1785 697 1821 modo
733 1784 902 1821 Valerius
941 1795 1000 1821 res
1038 1786 1076 1821 in
1114 1787 1183 1822 hac
1220 1787 1341 1822 insula
1378 1789 1505 1832 gestas

206 1853 422 1889 narraverit.
481 1853 755 1890 Alexandrinus
811 1856 919 1899 poeta
976 1854 1204 1899 Vulcanum,
1266 1855 1325 1890 cui
1384 1854 1504 1890 insula

250 1977 280 2014 1)
304 1976 343 2009 Cf
361 1976 462 2009 Schol.
475 1975 492 2007 1
518 1988 525 2008 :
551 1976 614 2008 773
637 1977 680 2005 ὅτι
700 1977 731 2005 δὲ
750 1977 890 2013 {ulwurm
909 1979 938 2006 οἱ
955 1980 1141 2013 Ἀργοναῦται
1161 1980 1225 2010 ταῖς
1244 1979 1382 2013 Λημνίαις
1392 1977 1509 2013 Ἡρόδω-

200 2029 245 2054 ρος
264 2020 372 2054 ἱστορεῖ
387 2017 414 2046 ἔν
433 2019 496 2050 τοῖς
514 2018 726 2053 Ἀργοναύταις.

247 2057 331 2089 Haec
370 2057 572 2098 Apolloniana
604 2057 750 2097 digressio
782 2057 904 2098 egregia
937 2057 1148 2098 simplicitate,
1191 2057 1311 2095 decore,
1346 2058 1506 2088 venustate

203 2111 238 2133 eo
259 2101 358 2141 magis
379 2100 530 2133 laudanda
550 2102 613 2138 est,
637 2101 663 2133 si
685 2101 874 2133 conferamus
897 2111 974 2142 quae
992 2101 1102 2142 tragici
1113 2103 1143 2133 et
1154 2101 1259 2133 comici
1270 2101 1431 2133 finxerunt.
1451 2101 1507 2132 In-

205 2144 316 2185 spicias
338 2145 451 2177 Athen.
475 2144 516 2177 10
539 2154 569 2185 p.
581 2145 664 2177 428:
687 2146 735 2174 καὶ
751 2147 801 2174 τὸν
817 2147 968 2182 Αἰσχύλον
985 2146 1044 2181 ἰγὺ
1063 2147 1146 2181 Qatnu
1165 2146 1197 2173 uu
1215 2149 1299 2174 τοῦτο
1307 2145 1511 2181 διαμαρτάνειν·

199 2189 307 2222 πρᾶο-οι,-
324 2187 380 2221 γᾰρ
399 2185 498 2218 ἰκτῖνος
515 2186 564 2214 καὶ
582 2186 653 2222 οὔχ,
673 2186 709 2219 ὣς
727 2186 797 2214 ’ίνιοΙ
809 2191 911 2222 φασιν,
940 2186 1090 2222 Εὐρυτίδης
1108 2186 1258 2222 παρήγαγε
1275 2187 1325 2219 τῆν
1344 2189 1399 2214 τᾶν
1422 2189 1511 2220 μεθυ-

202 2226 286 2288 όντοὲν
311 2222 377 2257 ’ὄψιν
404 2223 444 2257 εἷς
470 2223 637 2259 τραγῳδίαν.
663 2222 689 2252 ἓν
718 2225 774 2260 γὰρ
792 2226 853 2257 τοῖς
872 2225 1018 2261 Καβείροις
1036 2224 1146 2260 εἰσάγει
1167 2225 1233 2256 τοῦς
1251 2224 1310 2259 περὶ
1328 2224 1377 2252 τὸν
1397 2223 1511 2252 Ἰάσονα

203 2264 260 2295 μεθ
279 2270 369 2292 ova-ac.

222 2327 225 2329 ,
249 2300 295 2334 Cf.
317 2300 415 2333 Schol.
437 2299 539 2340 Apoll.
561 2299 658 2332 Rhod-
683 2300 801 2332 1:773
834 2301 982 2337 Αἰσχΰλσς
1000 2301 1031 2329 δὶ
1049 2302 1076 2329 ἐν
1096 2300 1246 2336 ‘woman
1265 2300 1292 2328 ἔν
1311 2300 1407 2332 ὅπλοις
1425 2300 1511 2335 One?-

200 2341 292 2374 αὐτᾶς
319 2340 496 2374 husoth-ae,-
519 2340 737 2378 χειμαζομένοις
754 2343 814 2374 τοῖς
834 2342 1051 2379 Ἀργοναύταις,
1073 2338 1209 2377 μέχριςοῧ
1229 2341 1305 2377 ὅρκον
1322 2341 1429 2376 ’ἔλαβον
1447 2341 1512 2377 παρ’
