1874 2826
828 290 873 326 61

203 399 347 443 verbis,
393 408 486 444 quae
532 399 579 434 ad
615 400 769 435 aliorum
806 398 1104 444 philosophorum
1139 395 1275 441 placita
1312 396 1500 439 spectant,

207 477 320 504 usum
356 468 506 505 tantum
536 468 747 514 natavisse,
772 476 843 512 quo
871 467 978 504 modo
1003 466 1130 502 Manes
1155 472 1346 501 caesorum
1370 462 1504 508 placati

151 573 155 577 .
205 536 285 571 sint
309 534 528 581 (430—458)
549 531 811 571 contenderim.

255 603 470 649 Apollonius
488 604 614 638 narrat
634 602 784 638 funereo
804 603 941 639 honore
954 603 1032 647 regi
1045 602 1170 638 habito
1180 600 1418 646 Argonautas
1429 609 1503 635 non

196 672 313 716 segni
333 672 436 707 luctu
456 671 594 715 aliquot
613 670 692 706 dies
712 671 851 707 frustra
870 671 910 706 in
923 670 1030 706 litore
1042 670 1208 705 haesisse
1220 669 1285 705 sed
1296 671 1431 704 ventos
1443 668 1502 703 ad-

208 748 336 775 versos
371 737 636 782 impedimento
673 736 806 781 fuisse,
848 737 1046 780 quominus
1069 736 1394 780 proficiscerentur.
1424 734 1504 779 Qua

207 805 446 842 frustratione
471 803 644 847 deceptos
668 805 708 839 et
727 812 855 847 sopore
884 804 1034 840 obrutos
1057 804 1292 848 Argonautas
1313 805 1502 848 postrema

209 873 329 910 noctis
353 871 477 916 vigilia
501 870 703 906 tuebantur
722 870 886 907 Acastus
906 872 945 906 et
957 870 1119 915 Mopsus.
1134 871 1226 907 Ecce
1238 870 1388 916 Mopsus
1399 870 1503 907 videt

206 941 438 983 amotionem,
465 938 578 975 finem
603 941 802 974 ventorum
824 938 981 974 stridula
993 948 1083 974 voce
1095 939 1379 984 vaticinantem,
1392 949 1502 984 super

209 1008 351 1045 Iasonis
375 1008 486 1050 caput
511 1006 656 1047 volare,
684 1015 778 1050 quae
803 1015 937 1041 aversa
961 1015 984 1041 a
1009 1005 1096 1047 dea,
1110 1015 1220 1051 super
1230 1006 1338 1042 navis
1349 1007 1500 1050 aplustri

208 1075 376 1113 considit.
391 1074 485 1111 Cum
495 1074 626 1111 Iasone
640 1074 773 1110 statim
786 1074 1046 1119 expergefacto
1057 1083 1137 1110 rem
1150 1074 1397 1111 communicat
1403 1084 1504 1111 eum-

207 1153 282 1189 que
306 1144 522 1180 adhortatus
542 1145 621 1186 est,
641 1144 687 1178 ut
698 1142 882 1187 templum
893 1142 932 1177 in
947 1141 1133 1187 Dindymo
1144 1142 1376 1186 prominente
1389 1143 1505 1178 situm

210 1212 400 1257 ingressus
435 1211 586 1247 deorum
622 1210 780 1246 Matrem
817 1210 998 1254 placaret:
1035 1209 1245 1246 cessaturas
1282 1210 1378 1246 enim
1418 1219 1506 1247 mox

208 1289 295 1316 esse
314 1279 499 1324 procellas.
525 1278 754 1314 Retinaculis
766 1278 898 1314 deinde
910 1280 1057 1322 postero
1069 1286 1179 1313 mane
1191 1278 1322 1314 solutis
1334 1287 1382 1314 ex
1394 1278 1507 1314 Hiera

210 1347 321 1383 Petra
341 1346 379 1382 in
400 1346 594 1381 Thracium
606 1347 756 1390 portum
767 1345 954 1390 remigant
966 1347 1006 1381 et
1019 1347 1146 1381 monte
1158 1345 1341 1381 altissimo
1354 1354 1506 1381 escenso

207 1414 509 1459 circumspiciunt
531 1413 720 1458 regionem
732 1412 1012 1458 (1112-1117).
1038 1414 1274 1458 Apollonium
1294 1416 1361 1450 aut
1380 1414 1419 1450 in
1439 1414 1507 1450 hoc

211 1484 339 1519 monte
363 1483 443 1527 ipso
469 1482 639 1527 gavisum
660 1490 742 1516 esse
767 1482 834 1517 hoc
855 1482 940 1517 visu
960 1483 1027 1517 aut
1046 1481 1178 1518 alicubi
1195 1483 1234 1518 in
1256 1492 1403 1519 summo
1423 1483 1508 1527 iugo

209 1549 436 1586 amoenitate
459 1552 613 1586 naturae
638 1547 826 1594 stupuisse
850 1552 1014 1594 apparet,
1040 1552 1080 1585 et
1104 1549 1206 1587 doleo
1230 1551 1326 1595 quod
1350 1550 1390 1587 F.
1405 1551 1508 1588 Hoff-

213 1628 327 1655 mann
341 1617 388 1664 1),
402 1618 464 1654 ubi
476 1617 706 1654 demonstrat
717 1619 866 1653 veteres
876 1609 1005 1662 poetas
1016 1618 1178 1654 locorum
1189 1619 1456 1655 amoenitatem
1467 1621 1508 1656 et

210 1687 375 1723 sensisse
398 1687 437 1722 et
463 1695 637 1731 persaepe
662 1694 796 1730 magna
820 1687 1019 1722 venustate
1041 1695 1131 1722 sano
1152 1696 1220 1723 suo
1231 1686 1339 1723 modo
1351 1687 1509 1733 descrip-

212 1755 325 1797 sisse,
359 1754 427 1790 hos
452 1753 632 1799 Apollonii
652 1753 912 1798 pulcherrimos
937 1762 1070 1790 versus
1094 1763 1168 1790 non
1191 1756 1505 1791 commemoravit.

213 1822 401 1858 Truncum
421 1822 511 1858 vitis
532 1821 646 1858 solido
668 1821 852 1864 excisum,
873 1824 918 1858 ut
936 1823 1037 1857 esset
1048 1831 1195 1858 sacrum
1206 1821 1296 1857 deae
1308 1824 1507 1858 montanae

216 1890 466 1936 simulacrum,
489 1890 689 1927 elaboravit
712 1891 837 1936 Argus
861 1890 971 1936 idque
985 1890 1131 1937 signum
1143 1891 1237 1937 fagis
1249 1892 1507 1928 obumbratum

214 1959 375 1996 summis
407 1959 592 1995 statuunt.
623 1959 703 1995 Ara
740 1968 761 1994 e
785 1959 912 2003 parvis
936 1959 1114 2005 lapidibus
1137 1961 1321 2004 congestis
1346 1963 1506 2005 structa,

215 2027 366 2063 deorum
398 2026 568 2070 Matrem,
595 2026 700 2062 cuius
725 2026 890 2063 divinam
915 2029 1144 2072 potestatem
1168 2027 1364 2072 grandibus
1386 2028 1509 2064 verbis

215 2095 379 2139 depingit
415 2095 632 2139 Apollonius
671 2095 963 2141 (1098—1102),
1003 2097 1042 2131 et
1079 2096 1199 2132 Titian
1236 2095 1509 2141 Cylleniumque

214 2164 431 2200 invocant-es
452 2165 490 2199 et
510 2164 660 2209 precati,
687 2166 731 2200 ut
755 2165 895 2200 ventus
920 2147 1100 2199 adversus
1123 2164 1262 2208 cesset,
1277 2163 1510 2200 saltationem

259 2265 292 2305 1)
322 2265 500 2305 Sammlung
526 2265 882 2305 gemeinverstandlicher
903 2264 1204 2297 wissenschaftlichor
1224 2265 1369 2305 Vol-trago
1389 2266 1515 2299 heraus-

215 2319 348 2360 gegeben
378 2328 437 2351 von
469 2319 548 2352 Rud.
582 2319 736 2351 Virschow
773 2319 836 2351 und
869 2319 922 2351 Fr.
955 2328 1016 2351 von
1044 2318 1257 2351 Holtzendorff.
1279 2319 1355 2352 Heft
1376 2320 1430 2353 69.
1452 2322 1516 2354 Der

215 2372 290 2404 Sinn
309 2372 360 2403 ffir
379 2372 674 2404 Naturschonheiten
696 2372 730 2403 in
752 2373 830 2404 alter
850 2372 914 2404 und
937 2381 1031 2404 neuer
1048 2372 1120 2404 Zeit.
