1874 2826
895 256 965 299 100

278 369 410 406 Graeci
455 379 620 407 amorem
664 368 859 414 praeclaris
904 368 1032 414 elegiis
1070 368 1330 411 laudaverant,
1367 370 1457 408 laeti
1492 381 1580 409 eum

279 438 489 474 iuventutis
521 428 682 473 fructum
715 436 835 481 magis
869 437 1069 481 carpebant,
1099 445 1212 481 quam
1246 438 1384 474 mentis
1409 440 1581 476 turbatae

279 507 546 542 commotiones
569 504 817 541 observandas
841 505 1021 541 curabant
1045 506 1085 540 et
1109 507 1364 542 matronarum
1376 508 1581 544 auctoritas

273 574 537 618 virginumque
565 572 728 609 condicio
747 573 786 608 in
810 572 979 609 inferiore
1003 573 1081 609 loco
1104 573 1252 609 fuerant
1288 583 1402 618 quam
1439 577 1579 620 tempo-

281 642 383 678 ribus
415 639 678 676 Alexandrinis
704 639 752 687 1).
789 640 841 677 Eo
874 640 1017 676 accedit
1047 640 1143 685 quod
1175 640 1437 677 Alexandritiis
1460 642 1583 686 poetis

281 708 492 753 exemplum
518 709 558 744 et
581 717 711 744 norma
733 708 886 744 fuerunt
909 708 1062 744 Hesiodi
1086 706 1209 743 Ἠίοιαι
1233 698 1391 750 asydum
1415 711 1455 746 et
1477 709 1581 754 Lyde

283 775 499 813 Antimachi
508 804 518 820 ,
544 776 608 820 qui
620 776 667 812 ad
679 776 933 813 delectandam
945 776 1118 822 puellam,
1131 786 1245 822 quam
1257 778 1417 823 amabat,
1430 778 1581 823 longum

283 845 448 882 ordinem
484 831 671 889 virginum
703 847 742 880 et
775 845 972 881 mulierum
1008 854 1134 881 amore
1158 846 1294 881 vatum·
1316 845 1582 882 celebratarum

283 914 579 949 enumeraverat.
604 912 682 957 Quo
707 913 878 958 exemplo
903 913 1080 958 digressio
1104 913 1149 949 de
1170 913 1379 949 amantium
1399 915 1509 949 rebus
1521 913 1582 949 ad-

283 981 405 1017 versis
430 983 470 1017 et
495 980 638 1026 gaudiis
661 980 811 1017 exstitit
834 983 873 1017 et
894 980 933 1016 in
952 980 1056 1016 lance
1068 983 1198 1026 satyra
1208 981 1353 1025 poesios
1365 982 1423 1017 tot
1436 981 1583 1026 mytho-

284 1049 412 1093 logicis
457 1048 567 1093 nugis
611 1036 779 1083 conditae
816 1048 1000 1093 imprimis
1037 1048 1217 1084 lectorum
1254 1048 1398 1084 animos
1435 1049 1583 1093 captare

286 1116 424 1161 coepit,
449 1116 493 1151 ut
516 1114 686 1151 videmus
710 1115 749 1150 in
773 1115 1083 1152 Hermisianactis
1102 1114 1140 1162 2)
1165 1115 1292 1160 elegiis
1316 1115 1363 1151 ad
1387 1115 1584 1152 Leontium

286 1193 396 1220 suam
419 1181 480 1230 (cf.
505 1191 668 1218 amorem
692 1182 867 1227 Leucippi
892 1185 932 1219 et,
955 1183 1134 1219 Arsinoes
1157 1183 1198 1218 in
1221 1182 1409 1219 Parthenii
1428 1183 1585 1219 Eroticis

286 1254 327 1288 et
350 1250 470 1287 Ovidii
493 1252 645 1286 metam.
670 1249 764 1286 XIV
777 1262 787 1285 :
800 1251 891 1295 698,
918 1251 982 1295 qui
1005 1250 1156 1287 nomina
1179 1249 1370 1297 mutavit),
1394 1250 1434 1286 in
1446 1251 1585 1287 Herme

286 1318 569 1355 Erathosthenis
581 1318 748 1354 canentis
760 1327 926 1354 amorem
940 1317 1110 1364 Cypridis
1122 1320 1163 1354 et
1173 1318 1352 1363 Hermae,
1366 1318 1404 1353 in
1418 1318 1584 1354 eiusdem

288 1384 413 1429 Arm,
446 1386 510 1423 ubi
543 1386 691 1423 Acontii
722 1388 762 1423 et
795 1386 972 1432 cydlppis
1005 1396 1113 1423 casus
1145 1396 1219 1424 non
1248 1387 1328 1423 sine
1352 1385 1585 1424 affectatione

287 1455 454 1491 narravit
501 1453 561 1501 (cf.
601 1455 705 1490 Ovid.
743 1455 832 1491 Her.
870 1464 927 1499 ep.
967 1455 1015 1489 20
1051 1457 1090 1490 et
1129 1455 1173 1490 21
1212 1456 1251 1490 et
1286 1455 1584 1501 Aristainetum).

288 1533 375 1559 cum
412 1522 654 1559 Alexandrini
686 1524 778 1559 haec
810 1522 974 1559 carmina
1007 1522 1279 1568 composuerint
1312 1522 1430 1568 magis
1454 1522 1586 1569 doctri-

288 1600 360 1626 nae
405 1591 598 1626 iactandae
635 1600 748 1626 causa
784 1600 897 1634 quam
935 1590 1075 1626 sincero
1111 1599 1235 1626 amore
1271 1590 1431 1634 incensi,
1467 1591 1506 1626 in
1543 1600 1587 1627 eo

290 1659 526 1694 describendo
558 1659 774 1703 plerumque
807 1658 907 1694 soliti
939 1660 1029 1694 sunt
1064 1658 1243 1694 celebrare
1268 1668 1456 1695 summam
1481 1659 1589 1694 casti-

269 1709 412 1762 'tatem
445 1728 485 1761 et.
512 1726 695 1771 virginem
719 1726 973 1771 integritatem
998 1724 1036 1771 3)
1059 1726 1242 1771 tempore,
1268 1735 1340 1770 quo
1365 1726 1589 1763 Ptolemaeo-

334 1876 366 1915 1)
397 1876 531 1916 Mahaffy
554 1874 607 1908 63.
637 1875 688 1915 Mij
722 1874 827 1907 sketch
849 1875 883 1907 of
900 1876 951 1907 the
973 1876 1092 1916 princes
1113 1876 1173 1908 and
1195 1878 1296 1909 courts
1318 1877 1352 1909 of
1370 1877 1423 1910 the
1444 1876 1591 1909 Diadochi

288 1935 386 1967 would
418 1935 525 1967 indeed
558 1935 594 1966 be
627 1934 807 1974 incompleta
829 1933 858 1965 if
876 1934 894 1965 I
915 1934 967 1966 did
988 1936 1041 1967 not
1063 1934 1122 1967 add
1144 1935 1315 1976 something
1337 1935 1519 1976 concerning
1539 1936 1591 1968 the

287 1994 456 2033 princesses
477 1993 543 2024 who
564 1993 636 2032 play
657 2001 691 2023 so
712 1992 884 2031 prominent
905 2001 925 2023 a
945 1994 1014 2032 part
1035 1993 1068 2024 in
1089 1994 1141 2025 the
1162 1995 1250 2033 great
1271 1994 1419 2033 struggle.

333 2051 367 2092 2)
391 2050 436 2086 cf.
460 2051 555 2085 Couat
578 2050 639 2083 82:
661 2049 794 2083 l’oeuvre
815 2049 1045 2083 d’Hermesianx
1066 2051 1228 2084 ressemble
1249 2050 1286 2084 de
1308 2050 1453 2092 tres-pres
1475 2048 1494 2081 ἰ
1512 2051 1590 2084 celui

289 2110 505 2151 d’Antimaque
526 2110 569 2142 85
591 2112 623 2142 et
645 2110 699 2142 92.

333 2169 366 2206 3)
390 2168 436 2200 Cf.
457 2168 591 2208 Mahaffy
613 2166 697 2199 240:
720 2166 784 2198 But
805 2167 935 2208 perhaps
956 2168 1008 2200 the
1030 2169 1142 2200 newest
1165 2167 1199 2199 of
1217 2167 1261 2199 all
1279 2167 1331 2200 the
1342 2167 1473 2201 features
1485 2169 1518 2201 in
1528 2170 1591 2202 this

290 2226 466 2259 forerunner
498 2226 533 2259 of
561 2227 613 2259 the
636 2225 733 2259 Greek
753 2226 841 2258 novel
864 2235 925 2258 was
946 2226 998 2259 the
1019 2226 1121 2267 virgin
1137 2226 1240 2267 purity
1258 2226 1292 2258 of
1306 2226 1358 2259 the
1375 2227 1509 2268 maiden,
1532 2228 1592 2261 and

290 2285 341 2316 the
369 2284 555 2325 importance
576 2284 610 2316 of
628 2284 669 2316 its
691 2283 898 2324 preservation
919 2284 968 2315 till
989 2284 1042 2315 the
1064 2284 1165 2324 happy
1187 2284 1359 2316 conclusion
1381 2285 1415 2317 of
1432 2287 1591 2327 marriage.

335 2342 382 2376 Cf,
404 2343 484 2385 App.
509 2342 605 2376 Rhod,
629 2343 650 2376 3
674 2354 682 2375 :
706 2341 772 2376 660
796 2343 845 2371 τὸν
864 2342 896 2371 δέ
913 2353 956 2375 τις
974 2343 1066 2372 &Mn
1084 2345 1180 2381 μοῖρα,
1208 2344 1293 2380 πάρος
1319 2345 1490 2381 ταρπήμεναι
1509 2346 1593 2383 upon
