1874 2826
954 243 1001 279 18

329 352 436 386 erant
446 377 456 395 ,
481 350 698 395 Apollonius
722 350 834 387 finxit
846 360 886 387 se
899 352 1148 396 interceptum
1163 361 1257 398 opus
1267 353 1519 398 perfecturum
1531 361 1626 393 esse‘.

377 417 512 463 Incipit
528 419 656 454 autem
668 418 873 455 rectissime
885 418 1102 464 Apollonius
1112 420 1277 466 catalogo
1289 419 1431 464 Iasonis
1443 423 1626 461 sociorum

322 487 492 531 primum
524 488 751 523 enumerato.
788 486 885 523 Nam
920 487 1014 524 illico
1045 489 1300 533 cognoscimus
1324 490 1413 534 quot
1437 492 1477 527 et
1501 492 1627 536 quales

328 555 458 591 heroes
474 553 508 600 1)
532 563 618 590 cum
642 553 735 590 duce
759 554 904 591 itineris
928 555 1131 600 periculum
1156 556 1234 593 sint
1259 556 1411 601 facturi,
1437 566 1509 602 quo
1520 558 1625 595 intel-

328 622 477 667 ligimus
512 621 603 658 novi
636 623 677 658 et
712 623 838 667 magni
873 622 1007 668 aliquid
1043 625 1206 668 poetam.
1234 624 1437 670 suscipere,
1474 625 1627 671 dignum
1652 659 1657 664 ,

329 691 494 727 omnium
519 690 739 727 attentione.
770 691 1000 737 Quamquam
1011 693 1140 728 autem
1151 693 1243 738 haec
1255 692 1434 738 digressio
1445 693 1553 739 longa
1563 691 1625 732 'est

328 759 368 794 et
378 758 633 794 Alexandrina
657 759 856 804 iactatione
870 759 1055 796 doctrinae
1068 760 1209 797 laborat
1217 786 1228 804 ,
1239 761 1278 797 in
1291 760 1439 797 meliore
1450 761 1528 798 loco
1539 771 1624 798 eam

326 825 450 872 posuit
490 826 708 872 Apollonius
744 827 891 864 Valerio
925 824 1165 874 (350—483),
1202 829 1266 873 qui
1301 828 1341 868 in·
1378 830 1626 866 enumerando

326 893 492 939 catalogo
524 894 760 939 Apollonium
778 904 935 940 quoque
968 898 1120 932 secutus
1156 896 1234 933 fere
1260 896 1419 933 eundem
1442 897 1623 934 sociorum

327 971 524 999 numerum
557 962 690 1008 refert,
725 963 909 1000 nonnullis
944 963 1092 1000 omissis
1130 964 1284 1009 aliisque
1320 964 1526 1009 adiunctis,
1558 966 1621 1011 qui

327 1030 366 1066 in
388 1030 572 1076 Apollonii
592 1030 852 1075 Argonauticis
872 1031 1027 1077 desunt,
1053 1031 1249 1078 Clymeno,
1271 1032 1509 1076 Deucalione,
1522 1033 1622 1079 Iphi,

327 1098 502 1142 Nestore,
521 1099 742 1146 Philoctete,
768 1099 909 1146 Tydeo,
936 1109 1093 1145 quorum
1117 1103 1194 1138 tres
1217 1103 1423 1146 postremos
1447 1101 1623 1148 inseruit,

327 1169 370 1203 ut
379 1167 523 1203 Troiani
537 1167 620 1203 belli
632 1167 859 1203 mentionem
872 1167 1010 1204 faceret
1022 1167 1073 1214 2).
1097 1168 1331 1212 Apollonium
1342 1169 1623 1214 praeferendum

325 1243 416 1271 esse.
433 1234 579 1271 Valerio
604 1244 648 1271 eo
671 1244 832 1280 quoque,
855 1236 952 1280 quod
976 1236 1015 1273 in
1041 1239 1257 1282 argumento
1282 1238 1362 1283 ipso
1374 1246 1415 1274 se
1428 1236 1620 1274 continens

324 1311 397 1338 non
435 1303 629 1339 scientiam
666 1304 853 1340 Homerici
889 1303 983 1349 cycli
1018 1304 1230 1347 iactaverit,
1266 1305 1441 1342 monendi
1471 1314 1623 1341 causam

324 1370 474 1415 saepius
495 1371 636 1407 habebo
657 1370 845 1418 (1—233).

373 1438 513 1474 Heroes
533 1448 674 1483 magno⁴
687 1440 825 1476 civium
845 1448 999 1475 numero
1018 1440 1165 1485 stipati,
1178 1443 1222 1476 ut
1233 1440 1372 1476 lucidae
1384 1440 1511 1476 stellae
1523 1440 1621 1483 inter

325 1506 458 1549 nubes,
484 1515 549 1551 per
569 1508 698 1543 urbem
718 1507 765 1543 ad
789 1516 925 1543 navem
950 1507 1025 1543 iam
1050 1508 1220 1544 omnibus
1232 1509 1343 1544 rebus
1355 1509 1525 1553 paratam
1537 1517 1620 1544 con-

325 1575 488 1610 currunt.
502 1574 633 1611 Omnia
642 1602 651 1617 ‚
666 1575 798 1620 quibus
807 1575 922 1620 plebis
934 1575 1049 1611 animi
1062 1576 1399 1621 commovebantur,
1407 1574 1622 1611 admiratio-

324 1651 412 1678 nem
434 1645 473 1678 et
498 1643 536 1678 in
558 1644 686 1680 heroes
705 1643 889 1689 favorem,
910 1643 955 1679 de
968 1643 1112 1680 itineris
1124 1643 1297 1689 periculis
1309 1643 1499 1688 timorem,
1513 1644 1620 1688 vota,

323 1720 469 1756 preces,
491 1711 776 1748 misericordiam
799 1712 1070 1748 infelicissimae
1094 1712 1226 1748 matris
1250 1713 1357 1756 grata
1379 1711 1539 1747 veritate
1560 1711 1621 1747 de·

324 1778 474 1824 scripsit
484 1778 708 1824 Apollonius.
722 1779 776 1816 Ut
788 1788 935 1816 summo
947 1779 985 1815 in
998 1779 1126 1815 monte
1138 1779 1309 1815 rivuluse
1318 1778 1453 1823 liquido
1461 1780 1501 1814 et
1507 1787 1620 1823 parvo

322 1846 426 1883 fonte
455 1847 602 1892 profluit
634 1850 674 1883 at
699 1848 838 1884 sensim
862 1847 1113 1892 paulatimque
1138 1838 1310 1883 crescunt
1330 1845 1457 1882 ⁴undae
1481 1846 1521 1882 et
1544 1845 1619 1882 late

365 1978 398 2019 1)
420 1978 564 2019 Plerique
597 1979 670 2010 sunt
701 1978 839 2020 Minyae,
868 1978 947 2019 quod
968 1978 1054 2011 docet
1076 1978 1324 2019 Argonautarum
1347 1977 1406 2009 iter
1425 1985 1487 2009 non
1508 1976 1621 2009 factum

319 2045 384 2069 esse
417 2047 436 2069 a
466 2037 557 2069 sociis
590 2036 724 2079 undique
746 2037 879 2069 collectis
900 2037 953 2069 sed
974 2046 1041 2069 esse
1054 2036 1210 2069 coloniam
1231 2037 1300 2076 post
1322 2035 1427 2068 civiles
1447 2035 1621 2075 discordias,

319 2096 353 2126 ut
374 2094 538 2128 verisimile
560 2103 626 2128 esse
648 2094 783 2134 videtur,
807 2103 826 2126 a
847 2094 959 2135 Minyis
980 2094 1148 2127 deductam.

364 2149 404 2195 2)
420 2154 588 2194 Coronum,
613 2154 763 2195 Clytium,
786 2153 927 2190 Areium,
950 2154 1104 2194 Angeam,
1128 2153 1294 2192 Asterium,
1306 2153 1462 2185 Ancaeum
1473 2154 1618 2194 alterum,

319 2212 564 2252 Palaemonium,
586 2212 725 2254 Iphitum
746 2212 874 2245 alterum
896 2211 1036 2244 Valerius
1057 2220 1117 2244 non
1138 2201 1322 2252 nominavit,
1344 2212 1381 2244 ut
1398 2202 1541 2245 numerus
1558 2221 1620 2245 non

319 2272 409 2311 plane
430 2273 607 2305 consentiat.
1495 2291 1498 2294 *

361 2329 510 2362 Diodorus
532 2330 555 2362 4
577 2342 585 2362 ε
608 2330 650 2362 41
676 2341 684 2362 :
708 2329 728 2362 2
751 2329 917 2362 Atalanten
939 2337 1075 2370 quoque,
1097 2328 1222 2362 Schoeni
1244 2328 1339 2362 filiam
1364 2328 1511 2362 nominat.
