<?xml version="1.0" encoding="UTF-8"?>
<!DOCTYPE html PUBLIC "-//W3C//DTD XHTML 1.0 Transitional//EN"
    "http://www.w3.org/TR/xhtml1/DTD/xhtml1-transitional.dtd">
<html xmlns="http://www.w3.org/1999/xhtml" xml:lang="en" lang="en">
 <head>
  <title>
</title>
<meta http-equiv="Content-Type" content="text/html;charset=utf-8" />
  <meta name='ocr-system' content='tesseract 3.04.00' />
  <meta name='ocr-capabilities' content='ocr_page ocr_carea ocr_par ocr_line ocrx_word'/>
</head>
<body>
  <div class='ocr_page' id='page_1' title='image "4737390_0072.png"; bbox 0 0 1874 2826; ppageno 0'>
   <div class='ocr_carea' id='block_1_1' title="bbox 322 2038 452 2045">
    <p class='ocr_par' dir='ltr' id='par_1_1' title="bbox 322 2038 452 2045">
     <span class='ocr_line' id='line_1_1' title="bbox 322 2038 452 2045; baseline 0 781"><span class='ocrx_word' id='word_1_1' title='bbox 322 2038 452 2045; x_wconf 95' lang='lat' dir='ltr'> </span> 
     </span>
    </p>
   </div>
   <div class='ocr_carea' id='block_1_2' title="bbox 973 279 1020 315">
    <p class='ocr_par' dir='ltr' id='par_1_2' title="bbox 973 279 1020 315">
     <span class='ocr_line' id='line_1_2' title="bbox 973 279 1020 315; baseline 0.021 -1"><span class='ocrx_word' id='word_1_2' title='bbox 973 279 1020 315; x_wconf 87' lang='lat'>58</span> 
     </span>
    </p>
   </div>
   <div class='ocr_carea' id='block_1_3' title="bbox 342 384 1650 1994">
    <p class='ocr_par' dir='ltr' id='par_1_3' title="bbox 342 384 1650 1994">
     <span class='ocr_line' id='line_1_3' title="bbox 346 384 1649 432; baseline 0.001 -9"><span class='ocrx_word' id='word_1_3' title='bbox 346 386 487 432; x_wconf 85' lang='lat' dir='ltr'>pietate</span> <span class='ocrx_word' id='word_1_4' title='bbox 512 387 550 422; x_wconf 87' lang='lat' dir='ltr'>et</span> <span class='ocrx_word' id='word_1_5' title='bbox 575 385 769 431; x_wconf 87' lang='lat' dir='ltr'>prudentia</span> <span class='ocrx_word' id='word_1_6' title='bbox 788 385 883 420; x_wconf 87' lang='lat' dir='ltr'>iram</span> <span class='ocrx_word' id='word_1_7' title='bbox 903 384 1055 421; x_wconf 88' lang='lat' dir='ltr'>deorum</span> <span class='ocrx_word' id='word_1_8' title='bbox 1077 384 1219 420; x_wconf 87' lang='lat' dir='ltr'>evitare</span> <span class='ocrx_word' id='word_1_9' title='bbox 1240 393 1421 430; x_wconf 86' lang='lat' dir='ltr'>suamque</span> <span class='ocrx_word' id='word_1_10' title='bbox 1433 386 1649 424; x_wconf 78' lang='lat' dir='ltr'><strong>felicitatem</strong></span> 
     </span>
     <span class='ocr_line' id='line_1_4' title="bbox 347 452 1650 500; baseline 0 -9"><span class='ocrx_word' id='word_1_11' title='bbox 347 455 508 491; x_wconf 91' lang='lat' dir='ltr'>retinere</span> <span class='ocrx_word' id='word_1_12' title='bbox 529 454 651 490; x_wconf 87' lang='lat' dir='ltr'>conati</span> <span class='ocrx_word' id='word_1_13' title='bbox 675 454 785 498; x_wconf 82' lang='lat' dir='ltr'>sunt,</span> <span class='ocrx_word' id='word_1_14' title='bbox 809 453 916 489; x_wconf 89' lang='lat' dir='ltr'>docet</span> <span class='ocrx_word' id='word_1_15' title='bbox 940 452 1219 488; x_wconf 85' lang='lat' dir='ltr'>Alexandrinus</span> <span class='ocrx_word' id='word_1_16' title='bbox 1247 453 1302 498; x_wconf 90' lang='lat'>1),</span> <span class='ocrx_word' id='word_1_17' title='bbox 1328 454 1392 497; x_wconf 92' lang='lat' dir='ltr'>qui</span> <span class='ocrx_word' id='word_1_18' title='bbox 1417 463 1440 489; x_wconf 90' lang='lat' dir='ltr'>a</span> <span class='ocrx_word' id='word_1_19' title='bbox 1464 455 1650 500; x_wconf 87' lang='lat' dir='ltr'>tragoedis</span> 
     </span>
     <span class='ocr_line' id='line_1_5' title="bbox 348 520 1649 568; baseline 0.001 -9"><span class='ocrx_word' id='word_1_20' title='bbox 348 525 542 568; x_wconf 78' lang='lat' dir='ltr'>sumptum</span> <span class='ocrx_word' id='word_1_21' title='bbox 587 522 770 566; x_wconf 86' lang='lat' dir='ltr'>tragicum</span> <span class='ocrx_word' id='word_1_22' title='bbox 804 523 983 557; x_wconf 89' lang='lat' dir='ltr'>terrorem</span> <span class='ocrx_word' id='word_1_23' title='bbox 1026 522 1067 556; x_wconf 88' lang='lat' dir='ltr'>et</span> <span class='ocrx_word' id='word_1_24' title='bbox 1103 520 1393 557; x_wconf 84' lang='lat' dir='ltr'>misericordiam</span> <span class='ocrx_word' id='word_1_25' title='bbox 1430 526 1649 567; x_wconf 76' lang='lat' dir='ltr'>argumento</span> 
     </span>
     <span class='ocr_line' id='line_1_6' title="bbox 348 588 1649 638; baseline 0.001 -10"><span class='ocrx_word' id='word_1_26' title='bbox 348 600 416 628; x_wconf 87' lang='lat' dir='ltr'>suo</span> <span class='ocrx_word' id='word_1_27' title='bbox 440 590 608 627; x_wconf 89' lang='lat' dir='ltr'>inseruit.</span> <span class='ocrx_word' id='word_1_28' title='bbox 641 589 783 626; x_wconf 87' lang='lat' dir='ltr'>Iterum</span> <span class='ocrx_word' id='word_1_29' title='bbox 808 588 981 626; x_wconf 83' lang='lat' dir='ltr'>Valerius</span> <span class='ocrx_word' id='word_1_30' title='bbox 1006 589 1124 626; x_wconf 89' lang='lat' dir='ltr'>multo</span> <span class='ocrx_word' id='word_1_31' title='bbox 1148 589 1231 635; x_wconf 88' lang='lat' dir='ltr'>plus</span> <span class='ocrx_word' id='word_1_32' title='bbox 1257 589 1516 635; x_wconf 86' lang='lat' dir='ltr'>mythologicis</span> <span class='ocrx_word' id='word_1_33' title='bbox 1540 592 1649 638; x_wconf 86' lang='lat' dir='ltr'>nugis</span> 
     </span>
     <span class='ocr_line' id='line_1_7' title="bbox 346 657 1647 703; baseline 0.001 -9"><span class='ocrx_word' id='word_1_34' title='bbox 346 660 488 695; x_wconf 88' lang='lat' dir='ltr'>laborat</span> <span class='ocrx_word' id='word_1_35' title='bbox 513 658 550 703; x_wconf 83' lang='lat'>2)</span> <span class='ocrx_word' id='word_1_36' title='bbox 577 667 692 702; x_wconf 91' lang='lat' dir='ltr'>quam</span> <span class='ocrx_word' id='word_1_37' title='bbox 717 657 953 702; x_wconf 82' lang='lat' dir='ltr'>ApolloniuS,</span> <span class='ocrx_word' id='word_1_38' title='bbox 980 657 1043 701; x_wconf 85' lang='lat' dir='ltr'>qui</span> <span class='ocrx_word' id='word_1_39' title='bbox 1055 659 1162 702; x_wconf 88' lang='lat' dir='ltr'>grata</span> <span class='ocrx_word' id='word_1_40' title='bbox 1176 657 1359 693; x_wconf 86' lang='lat' dir='ltr'>modestia</span> <span class='ocrx_word' id='word_1_41' title='bbox 1371 666 1452 693; x_wconf 91' lang='lat' dir='ltr'>rem</span> <span class='ocrx_word' id='word_1_42' title='bbox 1464 660 1647 703; x_wconf 74' lang='lat' dir='ltr'>exposuit.</span> 
     </span>
     <span class='ocr_line' id='line_1_8' title="bbox 347 725 1649 771; baseline 0.001 -9"><span class='ocrx_word' id='word_1_43' title='bbox 347 726 390 762; x_wconf 88' lang='lat' dir='ltr'>In</span> <span class='ocrx_word' id='word_1_44' title='bbox 415 727 473 762; x_wconf 87' lang='lat' dir='ltr'>tot</span> <span class='ocrx_word' id='word_1_45' title='bbox 497 725 736 762; x_wconf 86' lang='lat' dir='ltr'>caedentibus</span> <span class='ocrx_word' id='word_1_46' title='bbox 760 727 800 762; x_wconf 90' lang='lat' dir='ltr'>et</span> <span class='ocrx_word' id='word_1_47' title='bbox 826 725 1046 765; x_wconf 75' lang='lat' dir='ltr'>cadentibus</span> <span class='ocrx_word' id='word_1_48' title='bbox 1071 726 1163 763; x_wconf 87' lang='lat' dir='ltr'>viris</span> <span class='ocrx_word' id='word_1_49' title='bbox 1187 726 1295 771; x_wconf 89' lang='lat' dir='ltr'>longo</span> <span class='ocrx_word' id='word_1_50' title='bbox 1306 725 1434 762; x_wconf 85' lang='lat' dir='ltr'>ordine</span> <span class='ocrx_word' id='word_1_51' title='bbox 1447 726 1649 763; x_wconf 79' lang='lat' dir='ltr'>nomInatis</span> 
     </span>
     <span class='ocr_line' id='line_1_9' title="bbox 347 794 1648 839; baseline 0.001 -10"><span class='ocrx_word' id='word_1_52' title='bbox 347 794 543 839; x_wconf 84' lang='lat'>(58—249)</span> <span class='ocrx_word' id='word_1_53' title='bbox 581 795 655 835; x_wconf 87' lang='lat' dir='ltr'>ita,</span> <span class='ocrx_word' id='word_1_54' title='bbox 692 796 738 830; x_wconf 88' lang='lat' dir='ltr'>ut</span> <span class='ocrx_word' id='word_1_55' title='bbox 775 797 916 831; x_wconf 87' lang='lat' dir='ltr'>mortes</span> <span class='ocrx_word' id='word_1_56' title='bbox 953 796 993 831; x_wconf 94' lang='lat' dir='ltr'>et</span> <span class='ocrx_word' id='word_1_57' title='bbox 1026 795 1181 831; x_wconf 85' lang='lat' dir='ltr'>vulnera</span> <span class='ocrx_word' id='word_1_58' title='bbox 1214 795 1329 830; x_wconf 85' lang='lat' dir='ltr'>nimia</span> <span class='ocrx_word' id='word_1_59' title='bbox 1363 794 1648 839; x_wconf 78' lang='lat' dir='ltr'>exaggeratione</span> 
     </span>
     <span class='ocr_line' id='line_1_10' title="bbox 345 861 1649 908; baseline 0.001 -11"><span class='ocrx_word' id='word_1_60' title='bbox 345 864 496 898; x_wconf 87' lang='lat' dir='ltr'>narrata</span> <span class='ocrx_word' id='word_1_61' title='bbox 534 871 817 907; x_wconf 85' lang='lat' dir='ltr'>cognoscamus,</span> <span class='ocrx_word' id='word_1_62' title='bbox 856 865 895 899; x_wconf 86' lang='lat' dir='ltr'>et</span> <span class='ocrx_word' id='word_1_63' title='bbox 921 863 1020 898; x_wconf 87' lang='lat' dir='ltr'>inter</span> <span class='ocrx_word' id='word_1_64' title='bbox 1046 862 1228 908; x_wconf 78' lang='lat' dir='ltr'>Castoris,</span> <span class='ocrx_word' id='word_1_65' title='bbox 1255 861 1430 907; x_wconf 82' lang='lat' dir='ltr'>PolluciS,</span> <span class='ocrx_word' id='word_1_66' title='bbox 1457 862 1649 905; x_wconf 87' lang='lat' dir='ltr'>Herculis,</span> 
     </span>
     <span class='ocr_line' id='line_1_11' title="bbox 345 929 1648 977; baseline 0.001 -12"><span class='ocrx_word' id='word_1_67' title='bbox 345 929 499 975; x_wconf 90' lang='lat' dir='ltr'>(iterum</span> <span class='ocrx_word' id='word_1_68' title='bbox 539 931 813 976; x_wconf 88' lang='lat' dir='ltr'>comparatione</span> <span class='ocrx_word' id='word_1_69' title='bbox 853 931 1046 967; x_wconf 82' lang='lat'>162-167</span> <span class='ocrx_word' id='word_1_70' title='bbox 1073 941 1160 967; x_wconf 93' lang='lat' dir='ltr'>eum</span> <span class='ocrx_word' id='word_1_71' title='bbox 1186 931 1359 975; x_wconf 78' lang='lat' dir='ltr'>dignatur</span> <span class='ocrx_word' id='word_1_72' title='bbox 1382 929 1567 977; x_wconf 88' lang='lat' dir='ltr'>Valerius)</span> <span class='ocrx_word' id='word_1_73' title='bbox 1590 931 1648 967; x_wconf 86' lang='lat' dir='ltr'>tot</span> 
     </span>
     <span class='ocr_line' id='line_1_12' title="bbox 345 998 1648 1043; baseline 0 -9"><span class='ocrx_word' id='word_1_74' title='bbox 345 999 502 1034; x_wconf 85' lang='lat' dir='ltr'>aliorum</span> <span class='ocrx_word' id='word_1_75' title='bbox 539 999 685 1043; x_wconf 84' lang='lat' dir='ltr'>egregia</span> <span class='ocrx_word' id='word_1_76' title='bbox 718 999 817 1035; x_wconf 81' lang='lat' dir='ltr'>facta</span> <span class='ocrx_word' id='word_1_77' title='bbox 851 1000 972 1035; x_wconf 87' lang='lat' dir='ltr'>virtus</span> <span class='ocrx_word' id='word_1_78' title='bbox 1006 999 1149 1035; x_wconf 88' lang='lat' dir='ltr'>Iasonis</span> <span class='ocrx_word' id='word_1_79' title='bbox 1173 999 1277 1034; x_wconf 88' lang='lat' dir='ltr'>ducis</span> <span class='ocrx_word' id='word_1_80' title='bbox 1302 998 1411 1043; x_wconf 85' lang='lat' dir='ltr'>plane</span> <span class='ocrx_word' id='word_1_81' title='bbox 1436 998 1648 1043; x_wconf 86' lang='lat' dir='ltr'>evanuerit,</span> 
     </span>
     <span class='ocr_line' id='line_1_13' title="bbox 346 1067 1647 1113; baseline 0 -10"><span class='ocrx_word' id='word_1_82' title='bbox 346 1067 581 1112; x_wconf 89' lang='lat' dir='ltr'>Apollonius,</span> <span class='ocrx_word' id='word_1_83' title='bbox 619 1070 769 1104; x_wconf 88' lang='lat' dir='ltr'>tantum</span> <span class='ocrx_word' id='word_1_84' title='bbox 808 1069 852 1104; x_wconf 90' lang='lat'>31</span> <span class='ocrx_word' id='word_1_85' title='bbox 890 1068 1061 1104; x_wconf 89' lang='lat' dir='ltr'>versibus</span> <span class='ocrx_word' id='word_1_86' title='bbox 1097 1068 1143 1103; x_wconf 87' lang='lat' dir='ltr'>ad</span> <span class='ocrx_word' id='word_1_87' title='bbox 1181 1077 1344 1113; x_wconf 85' lang='lat' dir='ltr'>pugnam</span> <span class='ocrx_word' id='word_1_88' title='bbox 1369 1067 1647 1104; x_wconf 81' lang='lat' dir='ltr'>describendam</span> 
     </span>
     <span class='ocr_line' id='line_1_14' title="bbox 347 1134 1645 1180; baseline -0.002 -10"><span class='ocrx_word' id='word_1_89' title='bbox 347 1144 458 1179; x_wconf 88' lang='lat' dir='ltr'>usus,</span> <span class='ocrx_word' id='word_1_90' title='bbox 484 1136 634 1170; x_wconf 90' lang='lat' dir='ltr'>caedem</span> <span class='ocrx_word' id='word_1_91' title='bbox 657 1135 782 1180; x_wconf 86' lang='lat' dir='ltr'>Cyzici</span> <span class='ocrx_word' id='word_1_92' title='bbox 803 1137 850 1171; x_wconf 89' lang='lat' dir='ltr'>ab</span> <span class='ocrx_word' id='word_1_93' title='bbox 870 1135 1001 1171; x_wconf 86' lang='lat' dir='ltr'>Iasone</span> <span class='ocrx_word' id='word_1_94' title='bbox 1015 1136 1151 1171; x_wconf 84' lang='lat' dir='ltr'>factam</span> <span class='ocrx_word' id='word_1_95' title='bbox 1165 1135 1297 1170; x_wconf 88' lang='lat' dir='ltr'>melius</span> <span class='ocrx_word' id='word_1_96' title='bbox 1309 1136 1349 1171; x_wconf 90' lang='lat' dir='ltr'>in</span> <span class='ocrx_word' id='word_1_97' title='bbox 1362 1135 1483 1171; x_wconf 89' lang='lat' dir='ltr'>lucem</span> <span class='ocrx_word' id='word_1_98' title='bbox 1495 1134 1645 1180; x_wconf 79' lang='lat' dir='ltr'>profert.</span> 
     </span>
     <span class='ocr_line' id='line_1_15' title="bbox 347 1202 1647 1240; baseline -0.001 -1"><span class='ocrx_word' id='word_1_99' title='bbox 347 1202 531 1239; x_wconf 86' lang='lat' dir='ltr'>Nonnulla</span> <span class='ocrx_word' id='word_1_100' title='bbox 574 1203 755 1239; x_wconf 84' lang='lat' dir='ltr'>laudanda</span> <span class='ocrx_word' id='word_1_101' title='bbox 795 1212 878 1240; x_wconf 88' lang='lat' dir='ltr'>esse</span> <span class='ocrx_word' id='word_1_102' title='bbox 912 1204 951 1240; x_wconf 92' lang='lat' dir='ltr'>in</span> <span class='ocrx_word' id='word_1_103' title='bbox 996 1203 1132 1240; x_wconf 90' lang='lat' dir='ltr'>Valerii</span> <span class='ocrx_word' id='word_1_104' title='bbox 1174 1203 1356 1240; x_wconf 84' lang='lat' dir='ltr'>carmine:</span> <span class='ocrx_word' id='word_1_105' title='bbox 1396 1202 1647 1240; x_wconf 88' lang='lat' dir='ltr'>miserrimum</span> 
     </span>
     <span class='ocr_line' id='line_1_16' title="bbox 344 1272 1646 1316; baseline 0 -10"><span class='ocrx_word' id='word_1_106' title='bbox 344 1281 475 1307; x_wconf 88' lang='lat' dir='ltr'>casum</span> <span class='ocrx_word' id='word_1_107' title='bbox 500 1272 677 1314; x_wconf 87' lang='lat' dir='ltr'>Medonis‚</span> <span class='ocrx_word' id='word_1_108' title='bbox 704 1272 767 1316; x_wconf 92' lang='lat' dir='ltr'>qui</span> <span class='ocrx_word' id='word_1_109' title='bbox 792 1272 954 1308; x_wconf 89' lang='lat' dir='ltr'>moriens</span> <span class='ocrx_word' id='word_1_110' title='bbox 987 1272 1184 1308; x_wconf 89' lang='lat' dir='ltr'>Herculem</span> <span class='ocrx_word' id='word_1_111' title='bbox 1209 1273 1396 1316; x_wconf 86' lang='lat' dir='ltr'>agnoscit,</span> <span class='ocrx_word' id='word_1_112' title='bbox 1422 1274 1646 1308; x_wconf 88' lang='lat' dir='ltr'>nocturnum</span> 
     </span>
     <span class='ocr_line' id='line_1_17' title="bbox 345 1339 1646 1384; baseline 0.002 -10"><span class='ocrx_word' id='word_1_113' title='bbox 345 1339 447 1374; x_wconf 90' lang='lat' dir='ltr'>urbis</span> <span class='ocrx_word' id='word_1_114' title='bbox 471 1340 668 1384; x_wconf 87' lang='lat' dir='ltr'>terrorem,</span> <span class='ocrx_word' id='word_1_115' title='bbox 696 1340 839 1375; x_wconf 85' lang='lat' dir='ltr'>luctum</span> <span class='ocrx_word' id='word_1_116' title='bbox 865 1339 988 1384; x_wconf 87' lang='lat' dir='ltr'>Cyzici</span> <span class='ocrx_word' id='word_1_117' title='bbox 1016 1339 1141 1375; x_wconf 83' lang='lat' dir='ltr'>uxoris</span> <span class='ocrx_word' id='word_1_118' title='bbox 1166 1342 1206 1376; x_wconf 86' lang='lat' dir='ltr'>et</span> <span class='ocrx_word' id='word_1_119' title='bbox 1230 1341 1404 1384; x_wconf 86' lang='lat' dir='ltr'>questus,</span> <span class='ocrx_word' id='word_1_120' title='bbox 1431 1339 1494 1384; x_wconf 89' lang='lat' dir='ltr'>qui</span> <span class='ocrx_word' id='word_1_121' title='bbox 1507 1341 1646 1384; x_wconf 85' lang='lat' dir='ltr'>tragoe-</span> 
     </span>
     <span class='ocr_line' id='line_1_18' title="bbox 344 1407 1645 1453; baseline 0 -11"><span class='ocrx_word' id='word_1_122' title='bbox 344 1407 426 1443; x_wconf 90' lang='lat' dir='ltr'>diae</span> <span class='ocrx_word' id='word_1_123' title='bbox 452 1407 489 1453; x_wconf 89' lang='lat'>3)</span> <span class='ocrx_word' id='word_1_124' title='bbox 516 1409 707 1451; x_wconf 88' lang='lat' dir='ltr'>monologo</span> <span class='ocrx_word' id='word_1_125' title='bbox 728 1407 924 1443; x_wconf 86' lang='lat' dir='ltr'>similiores</span> <span class='ocrx_word' id='word_1_126' title='bbox 948 1410 1039 1443; x_wconf 88' lang='lat' dir='ltr'>sunt</span> <span class='ocrx_word' id='word_1_127' title='bbox 1057 1417 1169 1451; x_wconf 87' lang='lat' dir='ltr'>quam</span> <span class='ocrx_word' id='word_1_128' title='bbox 1186 1408 1333 1451; x_wconf 89' lang='lat' dir='ltr'>epicum</span> <span class='ocrx_word' id='word_1_129' title='bbox 1353 1416 1502 1443; x_wconf 86' lang='lat' dir='ltr'>carmen</span> <span class='ocrx_word' id='word_1_130' title='bbox 1523 1407 1645 1450; x_wconf 88' lang='lat' dir='ltr'>decet,</span> 
     </span>
     <span class='ocr_line' id='line_1_19' title="bbox 342 1475 1646 1520; baseline -0.001 -10"><span class='ocrx_word' id='word_1_131' title='bbox 342 1475 640 1510; x_wconf 86' lang='lat' dir='ltr'>animadvertere</span> <span class='ocrx_word' id='word_1_132' title='bbox 665 1475 789 1510; x_wconf 88' lang='lat' dir='ltr'>velim.</span> <span class='ocrx_word' id='word_1_133' title='bbox 815 1475 961 1510; x_wconf 84' lang='lat' dir='ltr'>Funera</span> <span class='ocrx_word' id='word_1_134' title='bbox 987 1475 1147 1510; x_wconf 82' lang='lat' dir='ltr'>breviter</span> <span class='ocrx_word' id='word_1_135' title='bbox 1171 1475 1237 1511; x_wconf 90' lang='lat' dir='ltr'>sed</span> <span class='ocrx_word' id='word_1_136' title='bbox 1258 1475 1297 1511; x_wconf 88' lang='lat' dir='ltr'>vi</span> <span class='ocrx_word' id='word_1_137' title='bbox 1317 1475 1477 1520; x_wconf 88' lang='lat' dir='ltr'>quadam</span> <span class='ocrx_word' id='word_1_138' title='bbox 1498 1477 1538 1511; x_wconf 91' lang='lat' dir='ltr'>et</span> <span class='ocrx_word' id='word_1_139' title='bbox 1560 1483 1646 1520; x_wconf 90' lang='lat' dir='ltr'>pon-</span> 
     </span>
     <span class='ocr_line' id='line_1_20' title="bbox 343 1543 1645 1589; baseline -0.001 -10"><span class='ocrx_word' id='word_1_140' title='bbox 343 1543 429 1579; x_wconf 87' lang='lat' dir='ltr'>dere</span> <span class='ocrx_word' id='word_1_141' title='bbox 451 1544 497 1579; x_wconf 86' lang='lat' dir='ltr'>ab</span> <span class='ocrx_word' id='word_1_142' title='bbox 521 1543 713 1588; x_wconf 88' lang='lat' dir='ltr'>Apollonio</span> <span class='ocrx_word' id='word_1_143' title='bbox 738 1543 923 1589; x_wconf 87' lang='lat' dir='ltr'>descripta</span> <span class='ocrx_word' id='word_1_144' title='bbox 947 1543 1045 1589; x_wconf 88' lang='lat' dir='ltr'>apud</span> <span class='ocrx_word' id='word_1_145' title='bbox 1071 1543 1260 1580; x_wconf 89' lang='lat' dir='ltr'>Valerium</span> <span class='ocrx_word' id='word_1_146' title='bbox 1285 1544 1530 1581; x_wconf 86' lang='lat' dir='ltr'>luxuriosiora</span> <span class='ocrx_word' id='word_1_147' title='bbox 1555 1544 1645 1578; x_wconf 85' lang='lat' dir='ltr'>sunt</span> 
     </span>
     <span class='ocr_line' id='line_1_21' title="bbox 345 1611 1644 1657; baseline 0.001 -11"><span class='ocrx_word' id='word_1_148' title='bbox 345 1620 460 1655; x_wconf 87' lang='lat' dir='ltr'>quam</span> <span class='ocrx_word' id='word_1_149' title='bbox 492 1611 552 1647; x_wconf 89' lang='lat' dir='ltr'>illo</span> <span class='ocrx_word' id='word_1_150' title='bbox 584 1611 746 1655; x_wconf 89' lang='lat' dir='ltr'>saeculo,</span> <span class='ocrx_word' id='word_1_151' title='bbox 781 1611 878 1655; x_wconf 84' lang='lat' dir='ltr'>quod</span> <span class='ocrx_word' id='word_1_152' title='bbox 910 1611 1072 1656; x_wconf 87' lang='lat' dir='ltr'>primam</span> <span class='ocrx_word' id='word_1_153' title='bbox 1097 1621 1234 1648; x_wconf 87' lang='lat' dir='ltr'>navem</span> <span class='ocrx_word' id='word_1_154' title='bbox 1260 1612 1377 1648; x_wconf 86' lang='lat' dir='ltr'>maria</span> <span class='ocrx_word' id='word_1_155' title='bbox 1403 1612 1644 1657; x_wconf 87' lang='lat' dir='ltr'>navigantem</span> 
     </span>
     <span class='ocr_line' id='line_1_22' title="bbox 346 1679 1646 1724; baseline 0 -9"><span class='ocrx_word' id='word_1_156' title='bbox 346 1679 461 1722; x_wconf 86' lang='lat' dir='ltr'>vidit,</span> <span class='ocrx_word' id='word_1_157' title='bbox 498 1680 707 1724; x_wconf 83' lang='lat' dir='ltr'>exspectari</span> <span class='ocrx_word' id='word_1_158' title='bbox 731 1682 866 1724; x_wconf 89' lang='lat' dir='ltr'>potest.</span> <span class='ocrx_word' id='word_1_159' title='bbox 897 1679 1071 1715; x_wconf 87' lang='lat' dir='ltr'>Valerius</span> <span class='ocrx_word' id='word_1_160' title='bbox 1097 1680 1208 1715; x_wconf 83' lang='lat' dir='ltr'>finxit</span> <span class='ocrx_word' id='word_1_161' title='bbox 1232 1680 1403 1724; x_wconf 87' lang='lat' dir='ltr'>zephyris</span> <span class='ocrx_word' id='word_1_162' title='bbox 1428 1680 1646 1716; x_wconf 86' lang='lat' dir='ltr'>vocantibus</span> 
     </span>
     <span class='ocr_line' id='line_1_23' title="bbox 348 1746 1645 1791; baseline 0.001 -10"><span class='ocrx_word' id='word_1_163' title='bbox 348 1747 453 1791; x_wconf 86' lang='lat' dir='ltr'>segni</span> <span class='ocrx_word' id='word_1_164' title='bbox 482 1747 585 1782; x_wconf 91' lang='lat' dir='ltr'>luctu</span> <span class='ocrx_word' id='word_1_165' title='bbox 610 1749 648 1781; x_wconf 88' lang='lat' dir='ltr'>et</span> <span class='ocrx_word' id='word_1_166' title='bbox 673 1746 835 1782; x_wconf 88' lang='lat' dir='ltr'>lacrimis</span> <span class='ocrx_word' id='word_1_167' title='bbox 859 1748 1097 1791; x_wconf 77' lang='lat' dir='ltr'>Argonautas</span> <span class='ocrx_word' id='word_1_168' title='bbox 1122 1747 1161 1781; x_wconf 91' lang='lat' dir='ltr'>in</span> <span class='ocrx_word' id='word_1_169' title='bbox 1187 1747 1294 1782; x_wconf 90' lang='lat' dir='ltr'>litore</span> <span class='ocrx_word' id='word_1_170' title='bbox 1320 1748 1470 1791; x_wconf 88' lang='lat' dir='ltr'>tempus</span> <span class='ocrx_word' id='word_1_171' title='bbox 1495 1747 1645 1782; x_wconf 86' lang='lat' dir='ltr'>trivisse</span> 
     </span>
     <span class='ocr_line' id='line_1_24' title="bbox 346 1813 1647 1868; baseline 0.001 -18"><span class='ocrx_word' id='word_1_172' title='bbox 346 1815 388 1850; x_wconf 88' lang='lat' dir='ltr'>et</span> <span class='ocrx_word' id='word_1_173' title='bbox 421 1814 578 1858; x_wconf 89' lang='lat' dir='ltr'>denique</span> <span class='ocrx_word' id='word_1_174' title='bbox 610 1814 739 1868; x_wconf 73' lang='lat' dir='ltr'>Iasone</span> <span class='ocrx_word' id='word_1_175' title='bbox 777 1817 927 1850; x_wconf 85' lang='lat' dir='ltr'>auctore</span> <span class='ocrx_word' id='word_1_176' title='bbox 964 1813 1083 1859; x_wconf 82' lang='lat' dir='ltr'>Mopsi</span> <span class='ocrx_word' id='word_1_177' title='bbox 1116 1814 1308 1850; x_wconf 85' lang='lat' dir='ltr'>sacrificiis</span> <span class='ocrx_word' id='word_1_178' title='bbox 1341 1814 1515 1851; x_wconf 86' lang='lat' dir='ltr'>liberatos</span> <span class='ocrx_word' id='word_1_179' title='bbox 1540 1814 1647 1859; x_wconf 86' lang='lat' dir='ltr'>culpa</span> 
     </span>
     <span class='ocr_line' id='line_1_25' title="bbox 345 1869 1646 1926; baseline 0.001 -9"><span class='ocrx_word' id='word_1_180' title='bbox 345 1882 530 1926; x_wconf 89' lang='lat' dir='ltr'>profectos</span> <span class='ocrx_word' id='word_1_181' title='bbox 550 1869 645 1918; x_wconf 85' lang='lat' dir='ltr'>esse.</span> <span class='ocrx_word' id='word_1_182' title='bbox 671 1882 809 1925; x_wconf 82' lang='lat' dir='ltr'>Quibus</span> <span class='ocrx_word' id='word_1_183' title='bbox 834 1882 1028 1926; x_wconf 89' lang='lat' dir='ltr'>descriptis</span> <span class='ocrx_word' id='word_1_184' title='bbox 1052 1882 1204 1926; x_wconf 88' lang='lat' dir='ltr'>crimen,</span> <span class='ocrx_word' id='word_1_185' title='bbox 1230 1882 1326 1926; x_wconf 90' lang='lat' dir='ltr'>quod</span> <span class='ocrx_word' id='word_1_186' title='bbox 1352 1882 1461 1917; x_wconf 88' lang='lat' dir='ltr'>inviti</span> <span class='ocrx_word' id='word_1_187' title='bbox 1482 1882 1646 1918; x_wconf 88' lang='lat' dir='ltr'>fecerant</span> 
     </span>
     <span class='ocr_line' id='line_1_26' title="bbox 345 1948 1646 1994; baseline -0.001 -8"><span class='ocrx_word' id='word_1_188' title='bbox 345 1951 607 1994; x_wconf 80' lang='lat' dir='ltr'>Argonautae,</span> <span class='ocrx_word' id='word_1_189' title='bbox 633 1959 656 1984; x_wconf 89' lang='lat' dir='ltr'>a</span> <span class='ocrx_word' id='word_1_190' title='bbox 680 1950 789 1993; x_wconf 89' lang='lat' dir='ltr'>poeta</span> <span class='ocrx_word' id='word_1_191' title='bbox 811 1948 894 1993; x_wconf 84' lang='lat' dir='ltr'>plus</span> <span class='ocrx_word' id='word_1_192' title='bbox 918 1958 1034 1993; x_wconf 87' lang='lat' dir='ltr'>aequo</span> <span class='ocrx_word' id='word_1_193' title='bbox 1058 1950 1185 1994; x_wconf 86' lang='lat' dir='ltr'>augeri</span> <span class='ocrx_word' id='word_1_194' title='bbox 1210 1951 1373 1994; x_wconf 84' lang='lat' dir='ltr'>apparet.</span> <span class='ocrx_word' id='word_1_195' title='bbox 1401 1948 1477 1985; x_wconf 88' lang='lat' dir='ltr'>Nec</span> <span class='ocrx_word' id='word_1_196' title='bbox 1500 1958 1543 1985; x_wconf 86' lang='lat' dir='ltr'>se</span> <span class='ocrx_word' id='word_1_197' title='bbox 1563 1958 1646 1985; x_wconf 89' lang='lat' dir='ltr'>con-</span> 
     </span>
    </p>
   </div>
   <div class='ocr_carea' id='block_1_4' title="bbox 455 2040 586 2045">
    <p class='ocr_par' dir='ltr' id='par_1_4' title="bbox 455 2040 586 2045">
     <span class='ocr_line' id='line_1_27' title="bbox 455 2040 586 2045; baseline 0 0"><span class='ocrx_word' id='word_1_198' title='bbox 455 2040 586 2045; x_wconf 95' lang='lat' dir='ltr'> </span> 
     </span>
    </p>
   </div>
   <div class='ocr_carea' id='block_1_5' title="bbox 339 2074 1651 2400">
    <p class='ocr_par' dir='ltr' id='par_1_5' title="bbox 339 2074 1651 2167">
     <span class='ocr_line' id='line_1_28' title="bbox 390 2074 1651 2116; baseline -0.005 -8"><span class='ocrx_word' id='word_1_199' title='bbox 390 2077 422 2115; x_wconf 92' lang='grc'>1)</span> <span class='ocrx_word' id='word_1_200' title='bbox 446 2076 491 2108; x_wconf 84' lang='lat' dir='ltr'>Cf.</span> <span class='ocrx_word' id='word_1_201' title='bbox 514 2075 696 2116; x_wconf 82' lang='lat' dir='ltr'>Apollonius</span> <span class='ocrx_word' id='word_1_202' title='bbox 720 2075 737 2106; x_wconf 89' lang='lat'>1</span> <span class='ocrx_word' id='word_1_203' title='bbox 763 2086 771 2106; x_wconf 89' lang='lat'>:</span> <span class='ocrx_word' id='word_1_204' title='bbox 796 2074 897 2106; x_wconf 84' lang='lat'>1035:</span> <span class='ocrx_word' id='word_1_205' title='bbox 929 2075 980 2106; x_wconf 69' lang='grc' dir='ltr'>τῆν</span> <span class='ocrx_word' id='word_1_206' title='bbox 999 2077 1120 2110; x_wconf 76' lang='grc' dir='ltr'><strong>(μοῖραν)</strong></span> <span class='ocrx_word' id='word_1_207' title='bbox 1135 2077 1191 2110; x_wconf 65' lang='grc' dir='ltr'>γὰρ</span> <span class='ocrx_word' id='word_1_208' title='bbox 1201 2075 1275 2109; x_wconf 70' lang='grc' dir='ltr'><strong><em>θέμις</em></strong></span> <span class='ocrx_word' id='word_1_209' title='bbox 1285 2075 1383 2103; x_wconf 70' lang='grc' dir='ltr'><strong><em>οὔποτ’</em></strong></span> <span class='ocrx_word' id='word_1_210' title='bbox 1393 2075 1497 2110; x_wconf 71' lang='grc' dir='ltr'><strong><em>ἀλύξαι</em></strong></span> <span class='ocrx_word' id='word_1_211' title='bbox 1507 2075 1651 2107; x_wconf 71' lang='grc' dir='ltr'><strong><em>θνητοῖσιν·</em></strong></span> 
     </span>
     <span class='ocr_line' id='line_1_29' title="bbox 339 2129 924 2167; baseline -0.009 -6"><span class='ocrx_word' id='word_1_212' title='bbox 339 2133 432 2165; x_wconf 69' lang='grc' dir='ltr'><strong><em>πάντη</em></strong></span> <span class='ocrx_word' id='word_1_213' title='bbox 451 2132 482 2160; x_wconf 70' lang='grc' dir='ltr'>δὲ</span> <span class='ocrx_word' id='word_1_214' title='bbox 501 2132 562 2167; x_wconf 74' lang='grc' dir='ltr'>περὶ</span> <span class='ocrx_word' id='word_1_215' title='bbox 580 2132 660 2167; x_wconf 70' lang='grc' dir='ltr'>μέγα</span> <span class='ocrx_word' id='word_1_216' title='bbox 679 2130 824 2159; x_wconf 70' lang='grc' dir='ltr'>πέπταται</span> <span class='ocrx_word' id='word_1_217' title='bbox 842 2129 924 2163; x_wconf 69' lang='grc' dir='ltr'>ἕρκος.</span> 
     </span>
    </p>

    <p class='ocr_par' dir='ltr' id='par_1_6' title="bbox 343 2180 1646 2285">
     <span class='ocr_line' id='line_1_30' title="bbox 388 2180 1646 2226; baseline -0.002 -9"><span class='ocrx_word' id='word_1_218' title='bbox 388 2186 422 2226; x_wconf 87' lang='grc'>2)</span> <span class='ocrx_word' id='word_1_219' title='bbox 457 2186 567 2218; x_wconf 83' lang='lat' dir='ltr'>Confer</span> <span class='ocrx_word' id='word_1_220' title='bbox 598 2185 762 2217; x_wconf 89' lang='lat' dir='ltr'>ridiculum</span> <span class='ocrx_word' id='word_1_221' title='bbox 794 2182 908 2214; x_wconf 87' lang='lat' dir='ltr'>Valerii</span> <span class='ocrx_word' id='word_1_222' title='bbox 937 2181 1202 2213; x_wconf 86' lang='lat' dir='ltr'>anachronismum</span> <span class='ocrx_word' id='word_1_223' title='bbox 1225 2180 1245 2211; x_wconf 90' lang='lat'><strong>3</strong></span> <span class='ocrx_word' id='word_1_224' title='bbox 1269 2193 1277 2213; x_wconf 89' lang='lat'>:</span> <span class='ocrx_word' id='word_1_225' title='bbox 1302 2181 1382 2213; x_wconf 85' lang='lat'>132:</span> <span class='ocrx_word' id='word_1_226' title='bbox 1404 2182 1556 2223; x_wconf 82' lang='lat' dir='ltr'>trepidant</span> <span class='ocrx_word' id='word_1_227' title='bbox 1581 2183 1646 2215; x_wconf 85' lang='lat' dir='ltr'>diro</span> 
     </span>
     <span class='ocr_line' id='line_1_31' title="bbox 343 2239 1646 2285; baseline -0.002 -9"><span class='ocrx_word' id='word_1_228' title='bbox 343 2245 400 2276; x_wconf 84' lang='lat' dir='ltr'>sub</span> <span class='ocrx_word' id='word_1_229' title='bbox 428 2245 534 2277; x_wconf 88' lang='lat' dir='ltr'>limine</span> <span class='ocrx_word' id='word_1_230' title='bbox 550 2246 696 2285; x_wconf 76' lang='lat' dir='ltr'>puppes,</span> <span class='ocrx_word' id='word_1_231' title='bbox 731 2251 827 2283; x_wconf 87' lang='lat' dir='ltr'>quum</span> <span class='ocrx_word' id='word_1_232' title='bbox 847 2241 920 2280; x_wconf 80' lang='lat' dir='ltr'>agat</span> <span class='ocrx_word' id='word_1_233' title='bbox 941 2239 977 2271; x_wconf 86' lang='lat' dir='ltr'>de</span> <span class='ocrx_word' id='word_1_234' title='bbox 999 2239 1142 2280; x_wconf 84' lang='lat' dir='ltr'>Typhone</span> <span class='ocrx_word' id='word_1_235' title='bbox 1164 2240 1226 2271; x_wconf 85' lang='lat' dir='ltr'>iam</span> <span class='ocrx_word' id='word_1_236' title='bbox 1249 2240 1302 2272; x_wconf 86' lang='lat' dir='ltr'>diu</span> <span class='ocrx_word' id='word_1_237' title='bbox 1323 2250 1342 2272; x_wconf 87' lang='lat' dir='ltr'>a</span> <span class='ocrx_word' id='word_1_238' title='bbox 1364 2240 1435 2273; x_wconf 88' lang='lat' dir='ltr'>Iove</span> <span class='ocrx_word' id='word_1_239' title='bbox 1457 2242 1646 2283; x_wconf 85' lang='lat' dir='ltr'>interempto.</span> 
     </span>
    </p>

    <p class='ocr_par' dir='ltr' id='par_1_7' title="bbox 340 2297 1645 2400">
     <span class='ocr_line' id='line_1_32' title="bbox 386 2297 1645 2344; baseline -0.002 -10"><span class='ocrx_word' id='word_1_240' title='bbox 386 2301 422 2344; x_wconf 88' lang='lat'>3)</span> <span class='ocrx_word' id='word_1_241' title='bbox 445 2303 635 2335; x_wconf 82' lang='lat' dir='ltr'>Auctoritate</span> <span class='ocrx_word' id='word_1_242' title='bbox 657 2301 786 2342; x_wconf 84' lang='lat' dir='ltr'>Vergilii</span> <span class='ocrx_word' id='word_1_243' title='bbox 809 2299 862 2339; x_wconf 84' lang='lat' dir='ltr'>(cf.</span> <span class='ocrx_word' id='word_1_244' title='bbox 885 2298 962 2330; x_wconf 89' lang='lat' dir='ltr'>Aen.</span> <span class='ocrx_word' id='word_1_245' title='bbox 986 2297 1054 2336; x_wconf 82' lang='lat' dir='ltr'>IV),</span> <span class='ocrx_word' id='word_1_246' title='bbox 1073 2297 1236 2337; x_wconf 74' lang='lat' dir='ltr'>tragoediis</span> <span class='ocrx_word' id='word_1_247' title='bbox 1258 2298 1404 2337; x_wconf 86' lang='lat' dir='ltr'>Senecae,</span> <span class='ocrx_word' id='word_1_248' title='bbox 1417 2300 1645 2338; x_wconf 49' lang='lat' dir='ltr'>controversum,</span> 
     </span>
     <span class='ocr_line' id='line_1_33' title="bbox 340 2355 1405 2400; baseline -0.003 -8"><span class='ocrx_word' id='word_1_249' title='bbox 340 2361 452 2400; x_wconf 83' lang='lat' dir='ltr'>quibus</span> <span class='ocrx_word' id='word_1_250' title='bbox 473 2361 633 2393; x_wconf 88' lang='lat' dir='ltr'>admodum</span> <span class='ocrx_word' id='word_1_251' title='bbox 656 2360 777 2392; x_wconf 84' lang='lat' dir='ltr'>studere</span> <span class='ocrx_word' id='word_1_252' title='bbox 799 2358 936 2392; x_wconf 84' lang='lat' dir='ltr'>solebant</span> <span class='ocrx_word' id='word_1_253' title='bbox 960 2355 1108 2394; x_wconf 85' lang='lat' dir='ltr'>Romani,</span> <span class='ocrx_word' id='word_1_254' title='bbox 1132 2356 1275 2396; x_wconf 86' lang='lat' dir='ltr'>explicari</span> <span class='ocrx_word' id='word_1_255' title='bbox 1297 2358 1405 2397; x_wconf 83' lang='lat' dir='ltr'>potest.</span> 
     </span>
    </p>
   </div>
  </div>
 </body>
</html>
