1874 2826
927 265 976 303 20

301 378 428 423 Argus
464 377 659 414 Asterides
695 385 839 421 quoque
877 374 1136 417 advenissent,
1173 374 1296 411 Iasoni
1319 374 1532 421 adhortato,
1557 375 1602 412 ut

301 446 436 483 ducem
468 445 624 490 eligant,
659 446 811 481 auctore
835 442 1016 487 Hercule,
1040 451 1153 488 quem
1177 451 1307 480 omnes
1330 443 1419 479 navi
1442 442 1602 489 praefec-

303 515 379 552 turi
403 516 530 559 erant,
555 522 748 549 summum
772 513 970 558 imperium
991 512 1173 549 traditum
1193 514 1263 549 est.
1285 511 1483 557 Hercules,
1502 511 1604 549 fama

302 584 345 618 et
368 583 493 618 robore
521 581 627 617 facile
652 582 823 626 princeps
847 582 946 618 inter
970 589 1089 625 parea,
1116 580 1259 617 Iasonis
1284 579 1394 616 sociis
1406 579 1604 617 adiunctus

303 652 382 693 est,
409 658 524 695 quum
548 649 594 685 de
618 649 922 695 Argonautarum
945 649 1077 685 itinere
1088 648 1278 686 fabulaita
1287 648 1391 685 esset
1403 646 1601 693 celebrata,

305 721 350 755 ut
373 727 501 754 omnes
526 718 657 754 heroes
682 717 923 762 mythologici
947 717 1128 762 temporis
1153 717 1295 754 Iasonis
1318 717 1475 753 comites
1486 716 1605 753 fuisse

306 785 523 821 dicerentur.
548 785 738 821 Honorem
762 788 891 821 autem
915 785 1082 821 oblatum
1093 787 1284 821 recusaret
1294 784 1474 820 Hercules
1485 792 1606 828 neque

298 855 445 900 ‚primas
468 857 596 900 partes
620 857 749 900 ageret
772 863 924 891 necesse
936 855 1037 900 erat,
1050 853 1473 899 quodhaecMinyarum
1484 853 1608 897 fabula

305 925 472 968 tempore
510 924 658 959 mutata
690 922 851 959 Aesonis
876 921 1033 967 stirpem
1068 912 1238 958 laudibus
1261 921 1388 958 tollere
1408 921 1606 967 inceperat.

306 992 408 1037 Quae
445 988 549 1028 obliti
572 990 738 1028 nonnulli
770 991 941 1027 auctores
968 989 1004 1036 1)
1029 989 1227 1027 Herculem
1246 990 1355 1026 sociis
1379 989 1608 1036 praefectum

301 1069 394 1096 ⁴esse
414 1060 615 1096 finxerunt.
642 1059 736 1095 Vide
760 1061 888 1094 autem
913 1059 1102 1103 poeticum
1124 1059 1313 1104 ingenium
1334 1061 1375 1096 et
1398 1062 1608 1104 temperan-

310 1127 407 1164 tiam
438 1126 640 1163 multorum
672 1126 956 1173 iudiciisspreti
979 1126 1181 1172 Apollonii!
1208 1126 1301 1162 Cum
1325 1126 1496 1172 plurimis
1520 1127 1609 1163 locis

309 1196 370 1241 (ut
405 1194 677 1240 demonstrabo)
714 1195 886 1231 Valerius
924 1195 1048 1231 Iasoni
1072 1195 1271 1231 Herculem
1294 1196 1547 1241 praeposuerit
1570 1197 1610 1231 et

309 1262 414 1300 ducis
445 1262 563 1308 ipsius
600 1262 734 1298 damno
758 1262 924 1299 athletae
949 1262 1050 1299 facta
1074 1262 1328 1308 virtutemque
1352 1262 1608 1307 celebraverit,

309 1331 535 1377 Apolloniusv
561 1331 696 1368 honore
734 1330 858 1367 debito
896 1331 1048 1368 Herculi
1084 1332 1223 1368 tributo
1247 1331 1323 1368 fere
1347 1331 1496 1368 silentio
1521 1340 1608 1367 eum

310 1399 500 1445 praeterit,
523 1398 637 1435 donec
661 1398 763 1444 Hyla
787 1408 810 1434 a
835 1399 1002 1444 nympha
1025 1398 1064 1434 in
1078 1398 1200 1444 Mysia
1210 1400 1369 1444 arrepto,
1384 1399 1488 1435 luctu
1500 1399 1539 1435 et
1553 1399 1609 1435 ira

310 1470 500 1513 incensus,
525 1468 565 1504 in
597 1468 787 1504 montibus
811 1476 940 1504 errans
964 1477 987 1503 a
1013 1467 1123 1504 sociis
1147 1468 1298 1505 relictus
1323 1469 1393 1505 est.

362 1536 496 1572 Postea
508 1536 617 1572 Iason
630 1536 745 1571 boves
757 1535 915 1571 selectos
928 1544 1050 1580 agere,
1063 1544 1273 1580 navemque
1286 1535 1441 1575 inmare
1453 1535 1611 1580 trahere,

312 1614 416 1640 aram
428 1604 597 1650 Apolloni
611 1604 784 1640 Embasio
796 1605 963 1640 statuere
975 1604 1099 1640 iussit.
1106 1603 1262 1649 Legenti
1274 1613 1346 1649 quo
1358 1603 1466 1641 modo
1477 1612 1612 1649 magna

314 1672 354 1708 vi
391 1673 431 1707 et
463 1672 616 1708 iuvante
649 1672 826 1714 clamore,
857 1671 1050 1717 phalangis
1075 1672 1224 1715 stratis,
1250 1673 1365 1709 remis
1388 1671 1612 1717 pedibusque

313 1741 480 1777 nitentes
511 1749 576 1785 per
599 1740 751 1776 ductam
771 1740 912 1776 fossam
937 1749 1075 1776 navem
1092 1741 1132 1777 in
1153 1750 1255 1777 mare
1281 1740 1499 1785 detrahant,
1525 1749 1613 1776 mox

314 1816 536 1851 persuasum
560 1808 631 1843 erit
654 1808 847 1852 Apollonio
872 1817 1001 1844 veram
1026 1811 1067 1844 et
1090 1817 1224 1852 puram
1245 1808 1405 1844 indolem
1429 1808 1612 1853 poeticam

314 1883 417 1919 esse,
444 1883 518 1919 qua
542 1877 716 1910 naturam
749 1884 872 1911 rerum
904 1876 1170 1920 hominumque
1193 1884 1281 1912 vere
1306 1878 1347 1912 et
1370 1876 1551 1912 vivaciter
1574 1877 1615 1912 et

314 1942 474 1979 iucunde
507 1941 727 1987 depinxerit.
759 1942 948 1979 Transtris
972 1945 1073 1979 sorte
1104 1943 1252 1984 divisis,
1280 1942 1411 1979 deinde
1433 1942 1614 1988 lapidibus

314 2011 502 2048 devolutis
543 2010 590 2046 ad
626 2010 889 2047 aedificandam
921 2021 1044 2057 aram,
1082 2010 1286 2047 secundum
1322 2011 1614 2049 remotissimum

314 2081 467 2124 tempus
493 2078 595 2115 omni
620 2079 755 2114 ornatu
774 2080 814 2114 et
838 2079 932 2115 luxu
944 2081 1150 2120 carentem,
1162 2078 1270 2114 Iason
1283 2078 1414 2115 multis
1426 2080 1614 2117 sacrificiis

315 2147 509 2191 promissis
521 2147 568 2182 ab
577 2145 759 2191 Apolline,
772 2146 835 2190 qui
847 2146 886 2182 in
895 2146 1080 2190 Apollonii
1093 2146 1255 2182 carmine
1268 2146 1384 2183 multo
1396 2147 1490 2193 plus,
1502 2157 1614 2193 quam

317 2214 419 2249 Hera
443 2215 524 2258 ipsa
548 2213 632 2249 duci
656 2212 759 2248 favet
772 2239 781 2256 ,
809 2212 955 2248 salvum
979 2212 1142 2248 reditum
1166 2215 1346 2256 precatur.

363 2347 397 2390 1)
420 2349 458 2380 Cf
476 2348 627 2382 Diodorus
650 2349 668 2381 1
694 2360 701 2380 :
724 2348 767 2380 41
792 2360 800 2380 ε
824 2349 856 2381 3.
