1874 2826
836 296 906 332 125

207 405 393 450 ‹geringen
418 405 527 441 Kreis
553 404 901 441 Alexandrinischer
925 403 1243 446 Gelehrsamkeit‚
1268 403 1368 439 seine
1385 403 1517 440 Starke

211 474 306 508 'aber
329 482 365 509 u.
387 482 416 509 s.
437 482 483 509 w.
499 461 799 519 (Bernhardiusy’
821 470 918 516 quod
942 471 1078 508 vitium
1097 472 1136 508 in
1148 471 1345 507 Valeriano
1357 471 1517 507 carmine

208 528 355 577 'aetatis
380 540 503 577 studio
527 531 708 576 excusare
730 535 804 575 non
828 548 1027 584 possumus
1050 541 1090 575 et
1110 540 1300 585 praeterea
1320 538 1517 575 admodum

218 608 470 645 desideramus
481 617 542 654 ea,
556 606 651 653 quae
663 606 845 653 Apollonii
856 606 1010 643 carmini
1022 606 1219 644 admodum
1230 606 1447 653 profuerunt
1458 606 1517 653 (cf.

213 677 265 713 ‘de
277 686 379 713 mora
391 671 430 712 in
443 677 563 713 insuia
575 669 706 711 Aretia
717 684 798 721 pag.
814 674 900 722 103)
908 675 929 711 ’Β
948 674 1048 711 Num
1060 675 1230 712 Valerius
1242 674 1446 712 laudandus
1459 676 1519 711 est

218 746 368 789 propter
395 771 411 789 „
423 744 609 788 Kurzunq
629 743 693 779 der
714 742 1068 780 Alexandrinischen
1089 743 1383 780 Gelehrsamkeit
1395 743 1518 790 (Teuf-

218 809 385 857 felius)”,
421 820 506 847 cum
530 820 654 855 neque
681 810 829 855 longum
854 811 1082 855 catalogum,
1108 820 1176 846 nec
1199 812 1323 847 omnia
1346 812 1516 857 nomina,

175 917 177 919 ,
218 888 314 924 quae
325 879 487 915 Phineus
507 879 758 924 enumeravit,
779 879 944 915 omiserit
960 878 1139 924 (neglecta
1151 881 1278 915 tamen
1290 879 1516 916 amoenitate

219 949 392 993 naturae,
418 956 529 992 quam
554 946 768 993 Apollonius
795 949 875 983 tam
895 950 1055 984 venuste
1070 942 1300 993 descripsit),
1322 940 1518 984 inseruerit

218 1027 282 1063 ea,
308 1026 403 1062 quae
429 1017 476 1053 ad
497 1009 709 1054 Vulcanum
731 1017 769 1053 in
794 1017 916 1053 insula
939 1017 1080 1053 Lemno
1103 1017 1308 1063 pertinent,
1328 1015 1459 1053 deinde
1471 1017 1516 1053 de

220 1085 397 1120 Bacchico
426 1085 526 1120 cultu
539 1112 548 1126 ,
575 1085 620 1120 de
645 1084 764 1120 Diana
788 1084 941 1120 Taurica
964 1085 1073 1129 plane
1099 1094 1342 1130 supervacua,
1368 1085 1517 1121 caedem

220 1153 436 1200 Cyzicorum
471 1153 613 1199 ingenti
637 1153 829 1190 nominum
853 1153 1078 1190 heroicorum
1102 1153 1196 1190 serie
1221 1153 1400 1190 auctam?
1424 1153 1517 1198 Quid

206 1222 447 1258 censendum
472 1222 516 1258 de
540 1222 631 1258 libro
656 1222 784 1266 quinto
810 1223 1002 1267 tantopere
1025 1222 1270 1266 vituperando
1293 1223 1391 1266 quod
1413 1223 1453 1258 in
1473 1232 1516 1258 eo

219 1289 390 1326 Valerius
408 1290 569 1335 pessime
580 1290 797 1334 argumento
809 1289 990 1326 satisfecit
1003 1298 1122 1334 neque
1136 1291 1239 1325 totus
1250 1289 1340 1325 liber
1352 1289 1399 1325 ad
1410 1299 1515 1335 argu·

219 1356 391 1394 mentum
411 1358 610 1402 quidquam
634 1358 807 1402 pertinet.
837 1358 935 1394 Laus
948 1358 1182 1398 Bernhardii‚
1208 1358 1278 1393 viri
1290 1358 1513 1402 doctissimi,

217 1427 368 1470 propter
392 1429 532 1471 „artem
545 1424 788 1461 rhetoricam”
800 1426 924 1470 potius
936 1428 1085 1471 poetam
1097 1426 1254 1468 incusat,
1268 1435 1354 1462 cum
1365 1435 1427 1462 ars
1438 1426 1516 1462 rhe-

219 1494 335 1529 torica
358 1494 521 1538 poeticae
542 1493 615 1529 arti
626 1494 760 1530 obstet.
786 1493 997 1530 Admodum
1011 1494 1148 1530 mirum
1160 1497 1220 1530 est
1233 1494 1329 1538 quod
1341 1494 1516 1530 Bernhar-

220 1560 302 1596 dius
315 1560 402 1597 dicit
415 1560 605 1597 Valerium
618 1562 766 1605 propter
779 1561 1009 1607 „besonnene
1021 1561 1301 1606 Komposition''
1314 1565 1355 1598 et
1371 1561 1518 1607 „Kunst

220 1628 287 1664 des
319 1628 461 1665 Plans’'
485 1629 719 1674 Apollonium
744 1628 850 1674 longe
875 1638 1080 1675 superasse.
1118 1629 1240 1674 Quid?
1276 1629 1350 1666 Ubi
1373 1633 1434 1667 est
1458 1630 1518 1667 illa

223 1697 452 1742 „besonnene
476 1695 770 1742 Komposition''‚
796 1706 882 1733 cum
901 1699 1162 1742 argumentum
1184 1698 1307 1743 ipsum
1329 1694 1374 1734 de
1386 1699 1517 1735 itinere

221 1765 375 1809 primae·
403 1755 511 1801 navis
547 1765 683 1802 falsum
720 1766 771 1802 sit
807 1768 847 1802 et
883 1766 1065 1803 refutetur
1101 1766 1246 1803 fabulae
1284 1769 1435 1811 natura,
1474 1770 1518 1803 ut

220 1833 588 1869 demonstravimus?
624 1834 697 1870 Ubi
727 1836 786 1870 est
814 1853 830 1880 ·„
843 1834 978 1880 Feuer,
1004 1834 1130 1870 Kunst
1155 1835 1221 1870 des
1246 1833 1400 1878 Plans¹'‚
1432 1843 1516 1870 cum

221 1901 396 1945 profectio
427 1901 535 1937 navis
569 1902 780 1938 maritimae
814 1903 930 1939 maria
963 1905 1155 1947 aperturae
1180 1903 1311 1939 similis
1337 1904 1387 1939 sit
1410 1902 1517 1947 fugae

203 1969 474 2015 turpissimae,
512 1979 598 2007 cum
631 1970 804 2008 Valerius
840 1971 1027 2009 induxerit
1060 1972 1146 2009 deos
1178 1982 1251 2009 non
1272 1981 1363 2009 suas
1386 1980 1517 2008 causas

221 2038 460 2074 defendentes
497 2040 554 2081 (ut
572 2038 819 2085 Neptunus),
857 2043 1007 2077 tantum
1040 2041 1208 2077 scelestis
1233 2041 1323 2077 dolis
1348 2042 1515 2081 utentes,

221 2105 323 2141 omni
347 2106 481 2151 vigore
497 2109 665 2143 carentes
689 2116 808 2152 neque
832 2108 1032 2153 quidquam
1056 2109 1209 2145 humani
1230 2108 1287 2154 (ut
1307 2108 1357 2144 dii
1381 2107 1516 2144 Home·

221 2173 301 2218 rici)
331 2174 528 2217 habentes,
566 2176 715 2212 umbras
746 2178 890 2221 proprie
923 2179 962 2213 et
995 2178 1123 2213 Manes
1147 2162 1348 2222 priscorum
1370 2177 1516 2213 coelico-

222 2239 369 2275 larum?
397 2239 444 2287 1).
480 2241 551 2277 Sed
588 2242 717 2279 deinde
748 2243 836 2280 dicit
872 2244 1139 2280 Bernhardius:
1168 2243 1266 2289 „Der
1287 2243 1517 2288 jugendliche

266 2386 299 2426 1)
326 2386 454 2427 Mirum,
487 2387 567 2427 quod
596 2371 748 2421 Weichert
770 2398 839 2430 pag.
864 2388 945 2428 359,
980 2389 1185 2430 «Apollonius
1207 2390 1327 2430 wfirde,
1359 2400 1445 2423 wenn
1467 2393 1521 2424 wir
