1874 2826
906 278 976 316 118

486 384 570 426 αὐτη
594 387 646 420 νῦν
670 383 826 427 κάματόν
849 397 913 427 γε,
939 383 1026 426 θεά,
1052 385 1109 420 καὶ
1134 386 1233 427 δήνεα
1257 385 1366 430 κούρης

486 453 657 498 Κολχίδος
683 452 814 493 ἔννεπε,
840 454 980 494 Μοῦσα,
1008 454 1086 495 Διὸς
1110 454 1216 495 τέκος.

288 532 468 560 versuum
505 524 621 569 3—5,
660 522 772 559 lectio
807 532 881 559 non
918 524 1068 560 constat
1094 523 1154 570 (cf.
1180 524 1236 561 ed.
1261 522 1424 569 Merkel).
1457 522 1590 560 Miram

287 592 575 636 dubitationem,
614 601 686 636 quo
724 592 873 627 nomine
911 592 1067 636 virginis
1104 592 1203 629 facta
1236 591 1420 635 nominet,
1456 590 1591 627 refellit

284 661 397 705 poeta
420 660 500 705 ipse
525 668 638 696 versu
663 659 730 703 40,
757 659 820 695 ubi
844 659 1012 705 epitheto
1038 659 1217 704 ἱμερόεσσα
1244 668 1335 697 usus
1359 659 1429 695 est.

337 727 472 773 Nocte,
496 737 591 772 quae
616 727 803 772 sequitur,
825 727 930 773 virgo
953 728 1048 764 iram
1072 728 1288 765 ferocissimi
1307 727 1450 763 Aeetae
1470 725 1590 763 verita

287 796 417 832 tremit
440 797 485 832 ut
505 804 615 831 cerva
635 795 674 831 in
696 795 859 831 nemoris
880 795 1045 832 dumetis
1066 805 1201 832 canum
1220 796 1357 832 latratu
1377 795 1508 839 pavet,
1530 794 1588 830 et:

460 861 580 907 τάρΒει
606 861 859 906 δ’άμφιπόλους
885 861 1075 906 ἐπιίστορας
1100 863 1133 897 ἐν
1158 862 1195 898 δέ
1221 863 1249 897 οἱ
1272 861 1345 897 ὄσσε

460 935 568 972 πλῆτο
594 930 713 974 πυρὸς,
735 929 840 965 δεινόν
862 930 900 965 δὲ
926 930 1201 975 περιβρομέεσκον
1225 928 1351 966 άκουαί.

461 999 570 1034 πυκνὰ
595 1000 632 1034 δὲ
659 999 837 1041 λαυκανίης
863 999 1105 1042 ἐπεμάσσατο,
1133 999 1241 1035 πυκνοὶ
1268 999 1302 1034 δὲ
1327 997 1435 1042 κουρὶξ

462 1066 621 1110 ἑλκομένη
646 1067 842 1110 πλοκάμους
867 1073 962 1113 γοερῇ
988 1068 1180 1114 βρυχήσατ’
1205 1067 1286 1112 άνίη.

337 1137 480 1174 Iterum
499 1146 685 1173 venenum
698 1137 942 1182 degustatum
952 1138 1104 1175 lunonis
1116 1137 1264 1175 consilia
1276 1138 1356 1174 erat
1367 1136 1592 1173 frustratura

288 1205 363 1241 nisi
386 1204 456 1241 dea
479 1214 564 1241 eam
588 1205 822 1242 incitavisset
846 1207 891 1241 ut
916 1215 1002 1242 cum
1027 1206 1154 1242 Phrixi
1178 1206 1261 1242 filiis
1285 1205 1331 1241 ad
1349 1204 1591 1250 Argonautas

287 1272 515 1318 confugeret.
534 1272 766 1318 Quamquam
786 1275 897 1318 poeta
917 1273 1029 1311 finxit
1051 1274 1145 1310 hanc
1157 1274 1315 1310 subitam
1328 1273 1589 1319 cogitationem

286 1339 437 1376 Iunonis
473 1349 542 1385 ope
578 1340 727 1376 Medeae
764 1340 933 1376 animum
972 1341 1151 1387 subiisse,
1197 1351 1320 1378 rerum
1360 1341 1476 1377 series
1513 1349 1586 1378 non

285 1408 518 1455 abrumpitur
554 1418 675 1455 neque
708 1409 745 1446 id
770 1409 861 1446 deae
886 1409 1030 1447 factum
1056 1410 1289 1447 interventus
1313 1409 1489 1447 dicendus
1513 1412 1585 1447 est.
1633 1449 1636 1452 ,

632 1476 782 1521 πτερόεις
808 1477 844 1512 δέ
872 1478 900 1512 οἱ
926 1478 959 1512 ἐν
983 1477 1084 1521 φρεσὶ
1109 1476 1217 1520 θυμὸς

461 1544 579 1586 ἰάνθη,
605 1546 699 1588 μετὰ
724 1544 817 1589 δ’ἥγε
844 1545 1052 1585 παλίσσυτος
1076 1544 1187 1590 ἀθρόα
1210 1544 1336 1581 κόλπων

460 1613 633 1657 φάρμακα
658 1613 759 1649 πάντ’
784 1615 911 1656 ἄμυδις
935 1611 1149 1657 κατεχεύατο
1174 1616 1366 1657 φωριαμοῖο.

460 1680 560 1716 κύσσε
585 1681 666 1717 δ’ὲόν
690 1695 729 1717 τε
755 1682 859 1727 λέχος
884 1682 942 1718 καὶ
967 1681 1126 1721 δικλίδας
1151 1680 1391 1726 ἀμφοτέρωθεν

461 1748 656 1793 σταθμοὺς,
682 1751 739 1786 καὶ
763 1750 885 1795 τοίχων
911 1750 1137 1794 ἐπαφήσατο,
1163 1749 1263 1794 χερσί
1284 1746 1323 1785 τε
1348 1750 1471 1794 μακρὸν

459 1816 625 1861 ῥηξαμένη
651 1818 844 1861 πλόκαμον,
871 1817 1026 1862 θαλάμῳ
1051 1817 1203 1860 μνημήῒα
1228 1817 1325 1862 μητρὶ

459 1884 610 1921 κάλλιπε
635 1885 835 1932 παρθενίης,
863 1887 1053 1935 (23—29).

288 1956 328 1990 et
358 1954 459 1991 tristi
487 1963 578 1990 voce
603 1957 779 2001 matrem,
806 1955 1044 2001 Chalciopen,
1070 1956 1263 1999 totamque
1288 1956 1439 1992 domum
1465 1954 1589 1991 valere

288 2023 438 2064 iubens,
477 2023 664 2059 exclamat
692 2025 952 2060 amantissima
977 2024 1043 2060 sed
1067 2022 1199 2068 pudica
1224 2025 1264 2060 et
1287 2023 1590 2060 innocentissima

289 2090 426 2135 puella:
453 2091 518 2137 oh,
544 2091 690 2127 utinam
716 2094 755 2128 te
780 2101 882 2129 mare
903 2093 1039 2138 hospes
1060 2089 1300 2137 perdidisset,
1323 2091 1538 2137 priusquam
1551 2091 1587 2128 in

284 2157 495 2196 Colchidem
507 2160 697 2196 venisses!
717 2160 930 2196 Lacrimans
943 2160 1086 2205 ingenti
1098 2159 1219 2196 dolore
1232 2159 1383 2196 domum
1395 2160 1588 2206 relinquit:

508 2225 556 2268 οἵη
582 2227 761 2271 δ’άφνειοῖο
786 2226 1016 2263 διειλυσθεῖσα
1041 2225 1151 2270 δόμοιο

508 2294 625 2337 ληιάς,
652 2294 727 2335 ἤντε
752 2295 819 2330 νέον
844 2295 972 2340 πάτρης
998 2294 1226 2338 ἀπενόσφισεν
1251 2292 1353 2334 αἶσα,

509 2362 543 2398 οὐ
568 2362 605 2398 δέ
630 2362 665 2398 νύ
691 2375 742 2398 πω
767 2366 916 2408 μογεροῖο
941 2362 1141 2408 πεπείρηται
1166 2361 1350 2405 καμάτοιο,
