1874 2826
893 290 940 326 35

270 397 420 433 dacibus
432 398 557 434 nautis
567 398 735 434 infensus
748 401 808 434 est
824 399 872 444 1),
885 407 999 443 seque
1012 398 1221 434 consolatur
1233 396 1382 432 miseris
1394 397 1566 440 gentibus

272 464 372 509 Argo
408 464 486 501 fata
516 475 664 512 parare,
703 465 834 503 deinde
858 466 898 502 in
923 467 1003 503 toto
1027 465 1192 502 carmine
1217 463 1309 501 nihil
1334 463 1380 500 de
1401 463 1566 509 patiente

271 533 311 567 et
334 513 464 568 timido
492 533 559 569 deo
582 533 755 569 audimus
780 534 853 569 nisi
878 535 900 569 2
925 545 935 568 ι
962 533 1033 569 436
1059 535 1100 569 et
1125 534 1148 568 4
1171 543 1181 568 ι
1210 533 1291 568 114.
1319 531 1413 577 Quid
1438 534 1565 567 tamen

269 599 431 636 effecerit
466 600 586 636 hiems
619 602 659 637 et
691 602 730 637 in
759 601 912 646 Vergilii
937 603 977 637 et
1000 602 1038 637 in
1059 600 1197 637 Valerii
1222 600 1404 642 carmine,
1433 608 1564 643 operae

268 668 428 712 pretium
452 670 512 705 est
535 669 690 714 intelligi
713 669 760 705 ad
785 670 978 714 utriusque
1002 672 1133 714 poetae
1159 669 1350 714 ingenium
1363 668 1564 705 aestiman-

268 737 366 773 dum.
398 736 544 773 Troiani
567 737 689 773 hieme
717 747 740 773 a
767 737 906 774 Iunone
931 737 1094 774 demissa
1119 747 1205 778 cum
1230 737 1378 782 reliquis
1402 735 1565 772 navibus

267 805 306 840 in
330 803 561 849 Carthaginis
587 805 694 841 litora
718 804 862 849 depulsi
886 806 925 841 et
945 805 1100 841 comiter
1124 806 1265 850 accepti
1289 806 1388 841 vires
1412 804 1562 840 reficere

261 875 441 919 -possunt,
478 873 573 918 quod
609 873 702 910 Dido
738 874 881 919 ingenti
913 875 952 910 in
988 874 1158 911 Aeneam
1195 883 1319 911 amore
1357 875 1560 910 exarserat.

267 941 367 986 Quae
392 944 519 978 autem
542 953 566 978 a
589 942 827 978 Troianorum
851 943 943 978 duce
968 943 1045 978 fato
1068 943 1261 978 obediente
1282 942 1428 977 deserta
1440 943 1560 977 morte

268 1009 337 1046 sibi
361 1010 523 1046 conscita
545 1011 761 1056 praemonet
785 1010 892 1053 bella,
907 1020 1001 1055 quae
1013 1010 1172 1047 Romani
1185 1020 1271 1047 cum
1284 1009 1560 1055 Carthaginien-

268 1077 370 1113 sibus
406 1081 556 1114 centum
592 1088 657 1123 per
693 1088 811 1114 annos
847 1081 1060 1123 gesserunt:
1100 1087 1172 1122 quo
1197 1078 1304 1113 modo
1328 1078 1367 1113 in
1392 1077 1560 1113 Africam

267 1153 370 1181 oram
394 1147 567 1192 appulsus
592 1156 678 1184 cum
702 1148 813 1184 rebus
837 1147 993 1183 maximi
1015 1147 1194 1183 momenti
1215 1146 1382 1192 apopulo
1395 1146 1565 1182 Romano

266 1213 382 1256 gestis
394 1214 579 1249 artissime
588 1215 769 1250 cohaeret.
780 1215 834 1250 At
843 1214 1014 1250 Valerius
1022 1216 1150 1250 narrat
1158 1214 1397 1258 Argonautas
1409 1214 1559 1248 tantum

266 1281 429 1317 maximo
472 1283 608 1318 terrore
652 1281 748 1318 affici
785 1284 825 1318 et
860 1282 968 1318 navis
1006 1282 1122 1318 scissa
1160 1282 1309 1318 videtur
1345 1282 1426 1326 ipsa
1463 1281 1564 1317 ultro

265 1349 404 1385 refecta
440 1358 533 1385 esse.
571 1349 698 1385 Multis
734 1349 951 1394 ambagibus
988 1359 1107 1394 neque
1141 1351 1233 1386 bene
1267 1359 1385 1394 neque
1409 1349 1562 1395 pulchre

264 1427 355 1454 usus
390 1418 481 1454 nihil
515 1418 600 1455 novi
631 1418 678 1454 ad
702 1427 826 1455 rerum
850 1418 985 1455 seriem
1011 1418 1254 1455 evolvendam
1279 1418 1408 1455 attulit
1433 1419 1560 1454 noster

266 1485 498 1533 (574-692).

314 1554 516 1591 692—851.
537 1554 627 1591 Filio
647 1554 768 1591 Peliae
789 1555 889 1591 furto
908 1558 1054 1600 arrepto
1076 1554 1113 1601 2)
1127 1555 1255 1600 culpae
1268 1555 1436 1591 conscius
1448 1554 1557 1590 Iason

265 1620 323 1667 (cf.
349 1621 484 1657 iterum
504 1622 696 1658 dilucidam
717 1623 1028 1666 comparationem
1050 1622 1246 1658 489—493
1258 1622 1284 1669 l)
1297 1643 1344 1648 —
1358 1622 1423 1658 sed
1435 1621 1558 1657 Timor

264 1692 303 1725 et
328 1688 449 1726 Minae
474 1689 655 1726 scandunt
679 1689 806 1726 eodem
831 1699 902 1734 quo
927 1690 1113 1734 dominus,
1139 1700 1260 1735 neque
1273 1691 1419 1727 decedit
1431 1691 1557 1726 aerata

307 1845 339 1886 1)
363 1846 408 1878 Cf.
427 1846 508 1879 645:
530 1847 667 1887 quotiens
688 1856 755 1879 mox
776 1848 863 1887 rapta
883 1846 987 1878 videbo
1009 1847 1077 1879 vela
1099 1846 1179 1878 notis
1200 1847 1367 1887 plenasque
1385 1846 1476 1878 malis
1494 1847 1556 1878 cla-

260 1904 393 1936 moribus
414 1904 521 1936 undas.

304 1971 338 2013 2)
372 1972 475 2005 Minus
506 1974 602 2006 recte:
637 1974 671 2006 G.
694 1971 781 2005 Thilo
802 1973 914 2014 proleg.
936 1973 999 2005 XI:
1022 1972 1102 2014 quod
1124 1974 1225 2005 autem
1247 1973 1403 2005 Valerium
1426 1972 1488 2005 dixi
1509 1973 1554 2004 sic
1583 2001 1587 2003 .

259 2030 350 2062 etiam
382 2039 431 2062 res
463 2032 667 2069 continuasse,
691 2033 726 2063 nt
746 2040 849 2063 omnes
870 2031 949 2063 inter
970 2040 1002 2063 se
1024 2032 1112 2071 aptae
1134 2031 1351 2071 colligataeqne
1361 2030 1554 2070 viderentur.

259 2089 325 2121 eius
346 2089 390 2122 rei
411 2089 542 2130 primum
564 2089 675 2123 librum
696 2090 784 2131 quasi
805 2091 912 2123 testem
924 2089 1047 2131 prodere
1058 2090 1134 2122 volo.
1167 2089 1300 2122 Concedo
1321 2089 1554 2130 perpetuitatem

258 2147 328 2179 libri
346 2148 437 2187 primi
455 2148 488 2179 in
510 2149 617 2180 Acasti
640 2149 721 2180 furto
742 2150 773 2180 et
794 2150 889 2181 morte
911 2150 1070 2189 parentum
1091 2149 1165 2181 bene
1187 2158 1218 2180 se
1240 2148 1364 2189 habere,
1387 2147 1440 2179 sed
1461 2147 1555 2180 Iason

257 2205 404 2237 Acastum
425 2215 486 2238 non
508 2216 610 2238 secum
632 2207 756 2239 abduxit
777 2209 812 2239 ut
830 2207 963 2247 obsidem
974 2207 1064 2247 (quod
1074 2207 1210 2247 perhibet
1220 2205 1319 2246 Thilo)
1331 2215 1401 2238 eum
1411 2206 1555 2239 retineret

258 2264 310 2296 sed
332 2265 389 2295 «nt
409 2264 548 2297 invenem
570 2265 603 2296 in
625 2274 714 2297 casus
735 2265 897 2306 eademque
919 2266 1052 2306 pericula
1073 2266 1219 2297 Acastum
1241 2264 1391 2305 abripiat»
1415 2264 1455 2297 cf.
1479 2264 1554 2296 153.

256 2322 338 2354 Laus
366 2322 402 2354 de
430 2322 488 2354 hac
509 2323 710 2363 perpetuitate
731 2324 801 2356 libri
822 2324 914 2364 primi
935 2324 1012 2356 nihil
1034 2324 1085 2363 fit,
1108 2333 1176 2355 cum
1197 2332 1297 2355 rerum
1320 2323 1424 2355 ordine
1447 2324 1554 2362 Iason,

257 2380 316 2412 dux
337 2379 555 2420 primaenavis‚
579 2381 644 2421 ipse
665 2381 884 2422 imprudentiae
905 2382 1091 2414 accusandus
1114 2381 1163 2413 sit.
1460 2380 1463 2383 ’
