1874 2826
935 275 981 312 28

304 382 416 418 rebus
442 382 612 419 secundis
636 382 699 418 diu
723 390 814 419 usae
841 391 941 419 nunc
964 383 1160 420 imminere
1185 383 1327 420 fatum:
1350 384 1614 430 auspiciisase

306 451 386 495 ipso
406 451 532 486 missis
551 459 687 486 navem
707 459 791 486 esse
816 451 1020 496 profectam
1041 461 1161 496 neque
1174 461 1215 488 se
1228 451 1428 496 quidquam
1445 455 1614 490 mutatu-

307 520 391 553 rum
412 526 496 554 esse
515 526 583 552 nec
604 517 730 553 minus
751 517 949 554 Troianum
972 519 1018 555 ob
1038 518 1223 555 Helenam
1234 520 1382 564 raptam
1394 523 1612 565 coepturum

307 586 454 622 bellum.
487 585 535 620 Se
567 585 693 621 iubere
719 585 909 623 Bellonam
934 589 1151 623 contentam
1176 596 1260 623 esse
1284 587 1381 632 quod
1403 596 1470 632 per
1492 589 1617 625 undas
1674 612 1678 613 ν

291 656 346 692 ‚et
369 653 435 698 per
457 652 619 688 hiemem
642 653 705 689 via
728 654 763 689 ei
787 654 935 690 munita
959 655 1071 691 esset.
1097 654 1206 691 Nunc
1230 656 1359 691 autem
1378 663 1420 691 se
1440 653 1615 691 Danaum

306 723 456 766 gentem
480 723 520 757 et
543 730 633 757 mox
657 721 748 757 alias
772 722 886 766 gloria
910 724 951 759 et
970 723 1193 759 auctoritate
1215 722 1447 759 sublaturum
1467 732 1613 769 exspec-

307 791 386 824 tare
422 787 538 835 velle,
568 788 632 834 qui
665 788 822 835 populus
847 791 1033 827 terrarum
1057 791 1212 836 imperio
1236 790 1370 836 dignus
1394 790 1501 827 foret.

356 855 550 893 Potestate
586 866 655 893 sua
691 859 731 894 et
763 857 972 902 petulantia
997 858 1119 895 elatus
1144 859 1332 911 Juppiter,
1353 858 1459 904 quasi
1483 867 1619 896 omnes

306 925 452 970 Olympi
475 925 613 961 incolas
636 926 838 969 lacessens,
862 936 910 963 ne
934 927 1013 963 fato
1037 930 1078 964 et
1101 928 1171 964 sibi
1196 927 1393 972 resistant,
1414 928 1613 964 Herculem

307 995 347 1028 et
388 992 636 1039 Tyndaridas,
682 1003 770 1030 suos
803 996 843 1030 et
880 993 1000 1030 Ledae
1039 994 1134 1031 filios
1171 995 1284 1040 digito
1320 995 1459 1031 indicat
1494 995 1618 1041 iisque

309 1065 447 1100 multos
492 1064 634 1100 labores
680 1064 908 1100 vaticinatus
954 1064 1094 1100 lumine
1131 1065 1307 1101 fulmineo
1345 1063 1537 1100 Castorem
1554 1066 1614 1100 -et

310 1131 495 1168 Pollucem
538 1130 573 1179 1)
611 1132 775 1168 honorat.
810 1131 889 1176 Qua
914 1140 973 1178 re,
1000 1134 1044 1168 ut
1068 1131 1237 1178 plurimis
1260 1131 1369 1177 locis,
1394 1131 1515 1169 Iasoni
1540 1140 1618 1168 non

309 1201 446 1245 profuit
471 1201 628 1245 Valerii,
655 1200 747 1236 alios
771 1201 805 1236 ei
829 1201 1110 1244 anteponentis,
1137 1200 1322 1244 expositio
1343 1199 1579 1247 (531-573).

357 1267 555 1313 Olympum
577 1268 616 1304 in
641 1268 779 1304 Valerii
806 1268 910 1313 epico
934 1268 1098 1304 carmine
1123 1268 1233 1303 aliam
1256 1267 1419 1312 speciem
1443 1268 1620 1312 praebere

308 1346 421 1381 quam
470 1337 699 1382 temporibus
742 1336 952 1372 Homericis
989 1336 1225 1381 perspicuum
1262 1338 1334 1372 est.
1373 1336 1428 1372 Ut
1463 1336 1620 1372 Graecis

308 1404 478 1441 libertate
515 1405 723 1440 fruentibus
760 1413 827 1439 nec
861 1403 936 1439 ullo
970 1405 1137 1448 tempore
1174 1404 1251 1448 regi
1277 1404 1525 1440 servientibus
1548 1404 1617 1440 sed

308 1473 418 1509 libere
443 1474 541 1518 apud
565 1483 652 1509 eum
670 1473 906 1517 loquentibus
928 1472 1110 1517 Olympus
1122 1471 1307 1516 παρρησίας
1317 1475 1395 1509 tam
1409 1472 1616 1509 celebratae

310 1543 391 1577 erat
428 1542 567 1586 imago,
606 1542 660 1578 sic
697 1542 765 1577 hoc
804 1541 956 1577 deorum
1003 1541 1195 1577 consilium
1234 1541 1402 1577 Caesaris
1434 1541 1620 1577 satellites

311 1609 499 1646 humiliter
535 1613 575 1646 et
612 1609 775 1655 supplice
814 1618 905 1646 voce
942 1609 1170 1645 sententiam
1207 1609 1374 1646 dicentes
1411 1612 1479 1646 aut
1517 1618 1619 1645 vana

311 1677 495 1714 libertatis
545 1679 665 1723 specie
701 1679 853 1714 utentes
890 1680 931 1714 et
967 1678 1169 1722 principem
1208 1678 1331 1723 ipsum
1377 1677 1621 1714 nihilominus

311 1746 540 1790 propositum
566 1755 676 1781 suum
696 1748 919 1790 urguentem
944 1745 984 1781 in
1010 1735 1229 1781 memoriam
1255 1747 1417 1781 revocat.

312 1809 314 1811 ’
361 1812 434 1849 Sed
465 1813 656 1849 videamus
694 1813 779 1858 quid
812 1813 857 1849 de
892 1813 1109 1850 interventu
1135 1813 1287 1850 deorum
1312 1822 1510 1858 eorumque
1535 1822 1619 1849 sen-

311 1882 443 1919 tentiis
480 1882 703 1918 oensendum
735 1882 795 1918 sit.
831 1881 998 1918 Pessime
1023 1881 1111 1918 fecit
1135 1881 1327 1923 Valerius,
1354 1881 1450 1926 quod
1474 1880 1617 1929 Solem,

310 1951 373 1996 qui
411 1951 511 1987 solus
546 1950 775 1995 Argonautis
812 1950 974 1994 graviter
1006 1950 1123 1986 obniti
1156 1952 1330 1995 conatur,
1361 1952 1450 1985 ante
1486 1959 1620 1987 omnes

310 2019 459 2055 induxit
491 2018 678 2054 dicentem
710 2027 775 2062 pro
812 2016 906 2062 filio,
947 2017 1121 2063 Scythiae
1159 2026 1264 2062 rege,
1298 2017 1393 2061 quod
1414 2020 1618 2060 vereretur,

311 2097 357 2123 ne
390 2087 541 2132 Minyae
580 2086 700 2121 vellus
736 2094 891 2121 aureum
929 2085 963 2120 ei
1000 2085 1194 2130 eriperent.
1233 2084 1292 2121 Sol
1328 2094 1447 2129 neque
1471 2086 1615 2131 imperii

309 2156 367 2192 sui
401 2155 520 2201 ipsius
565 2163 719 2190 causam
754 2152 880 2188 dicens
913 2161 1034 2196 neque
1059 2152 1188 2188 mundi
1221 2154 1260 2188 et
1285 2161 1409 2189 rerum
1433 2153 1615 2190 rationem

311 2225 450 2259 habens
495 2222 669 2267 indignus
710 2223 789 2266 est,
829 2221 892 2265 qui
930 2219 969 2255 in
1008 2220 1177 2256 contione
1214 2220 1364 2256 deorum
1389 2205 1637 2266 Argonautis

355 2359 388 2400 1)
412 2359 450 2391 cr
469 2359 557 2391 Diod.
581 2359 603 2390 4
627 2370 634 2390 :
658 2358 701 2390 32
727 2369 734 2389 :
758 2357 778 2390 2
803 2344 860 2397 (εί.
884 2357 1074 2396 Elmsvuur).
