1874 2826
843 288 891 324 63

218 392 359 429 Iterum
382 397 601 439 argumento
626 396 826 441 Apollonii,
849 395 955 432 cuius
976 394 1206 441 expositione
1220 395 1396 430 naturam
1407 392 1518 429 huius

218 460 362 498 fabulae
394 463 532 509 optime
569 464 773 511 perspicere
806 473 1024 511 possumus,
1050 465 1196 501 mutato
1221 462 1394 500 Valerius
1417 461 1517 507 operi

219 539 287 567 suo
311 531 474 569 maxime
498 533 634 570 nocuit.

266 598 411 635 Ancora
434 600 555 637 soluta
578 601 667 637 laeti
691 603 731 637 et
755 602 853 637 curis
880 601 1055 645 luctuque
1079 601 1182 637 liberi
1207 602 1397 637 certamen
1409 600 1516 635 remi-

217 666 328 711 gandi
362 667 568 704 instituunt
591 669 828 713 Argonautae
852 667 952 716 <quis
978 668 1177 705 desisteret
1201 668 1358 704 ultimus
1398 668 1512 709 1154,

218 734 388 771 adiunxit
423 735 660 780 Apollonius,
690 736 754 780 qui
789 736 882 772 mari
911 736 1195 773 vehementibus
1220 736 1321 772 auris
1345 735 1515 772 adversis

218 802 367 839 turbato
393 811 523 838 omnes
547 802 706 839 Hercule
727 805 882 849 excepto
894 804 1015 840 labore
1028 813 1175 840 cessare
1187 804 1280 840 bene
1293 803 1513 849 descripsit),

217 869 330 905 donec
353 869 534 906 Hercules
558 870 730 907 omnibus
749 872 890 908 viribus
915 872 1065 908 obnisus
1089 880 1190 907 remo
1207 871 1331 907 fracto
1356 871 1511 916 supinus

216 937 357 973 cecidit.
383 936 576 983 Conferat-5,
610 938 643 974 si
667 939 806 983 placet,
832 939 1015 985 Apollonii
1044 939 1281 974 1168—1171
1311 940 1351 974 et
1375 938 1511 975 Valerii

217 1005 241 1040 3
267 1016 276 1038 ε
301 1004 496 1041 476—480
533 1005 584 1050 1),
633 1008 676 1042 ut
710 1015 909 1051 cognoscas
947 1006 1051 1042 illum
1087 1014 1149 1041 res
1185 1006 1225 1041 et
1261 1005 1378 1045 facta,
1415 1006 1513 1041 hunc

215 1073 366 1110 nomina
398 1075 548 1109 tantum
578 1083 737 1110 narrare.
776 1074 819 1109 In
853 1073 1000 1110 Valerio
1025 1073 1154 1109 Flacco
1178 1076 1369 1117 praeterea
1391 1082 1513 1118 repre·

215 1139 450 1176 hendendum
506 1143 565 1177 est
608 1141 807 1178 Herculem
855 1142 991 1186 ubique
1039 1142 1179 1186 primas
1228 1142 1355 1186 partes
1404 1150 1512 1185 agere

216 1208 248 1254 (Ι
273 1222 282 1243 :
311 1209 520 1255 107—120,
546 1210 634 1255 263,
660 1210 743 1247 634.
768 1210 804 1246 11
825 1223 834 1246 ε
857 1210 949 1254 373,
974 1210 1160 1246 450‘579.
1186 1209 1238 1246 ΠΙ
1260 1220 1268 1246 :
1295 1208 1513 1254 161—170).

215 1276 233 1312 Ι
255 1288 264 1312 2
286 1277 542 1313 563-573.11
560 1290 568 1313 ε
590 1278 793 1320 186-198,
814 1278 1044 1323 Tyndaridae
1063 1287 1206 1322 quoque
1229 1277 1366 1313 maiore
1377 1277 1513 1313 honore

216 1354 328 1388 quam
339 1354 405 1390 pro
417 1345 547 1381 Iasone
560 1345 673 1381 velim
685 1346 899 1382 afficiuntur
916 1345 935 1381 Ι
948 1356 957 1382 :
972 1346 1168 1381 563—573
1182 1347 1222 1380 et
1233 1345 1268 1380 H
1282 1355 1291 1380 ε
1309 1345 1511 1381 186-198.

215 1412 326 1458 Apud
351 1412 535 1449 Latinum
551 1413 657 1449 deest
679 1413 980 1458 Argonautarum
1006 1413 1179 1449 voluntas
1204 1413 1343 1449 summi
1366 1413 1513 1449 honoris

215 1482 364 1517 Herculi
386 1481 574 1522 tradendi,
599 1482 662 1526 qui
681 1491 876 1526 recusans,
902 1481 1101 1526 quominus
1126 1482 1308 1517 sociorum
1330 1481 1406 1518 dux
1425 1482 1512 1527 fiat,

215 1558 405 1586 summum
429 1549 624 1594 imperium
648 1549 770 1586 Iasoni
794 1549 971 1586 concedit.
995 1548 1049 1585 Ut
1068 1548 1287 1594 Apollonius
1298 1549 1513 1595 plerumque

215 1617 378 1653 ostendit
409 1626 449 1652 se
479 1617 589 1653 huius
620 1617 763 1653 fabulae
793 1618 971 1661 originem
1001 1619 1041 1652 et
1068 1619 1244 1652 naturam
1266 1618 1408 1661 optime
1432 1628 1514 1662 per-

216 1686 371 1733 spicere,
398 1686 451 1723 sic
473 1686 542 1723 hac
566 1695 710 1732 quoque
735 1685 961 1727 difficultate,
986 1688 1114 1722 utrum
1139 1684 1319 1722 Hercules
1342 1685 1512 1724 anIason

215 1755 291 1790 dux
316 1755 505 1800 eligendus
528 1758 648 1800 esset,
673 1755 795 1799 sagaci
815 1757 941 1790 mente
961 1754 1082 1790 soluta
1100 1754 1337 1799 'tirynthium
1361 1754 1512 1791 heroem

215 1823 358 1867 imperii
382 1824 556 1861 honorem
581 1832 604 1859 a
619 1823 735 1860 sociis
759 1822 929 1859 omnibus
949 1821 1112 1858 oblatum
1132 1823 1369 1858 recusantem
1387 1822 1513 1860 debito

215 1892 350 1928 honore
373 1892 498 1928 affecit
522 1891 570 1938 2).
591 1891 662 1928 Sed
682 1891 814 1928 abhinc
825 1891 864 1927 in
876 1890 1056 1936 Apollonii
1068 1890 1328 1935 Argonauticis
1340 1891 1511 1927 videmus

214 1959 412 1997 Herculem
431 1961 557 1997 robore
584 1960 743 2006 corporis
767 1959 916 2005 quidem
939 1959 979 1995 in
1003 1958 1214 2004 remigando
1239 1960 1278 1995 et
1300 1959 1340 1995 in
1365 1958 1511 2004 proeliis

214 2027 376 2064 multum
412 2028 555 2071 valere,
580 2028 740 2064 eundem
764 2028 803 2064 in
828 2028 950 2064 insula
972 2027 1113 2064 Lemno
1138 2027 1247 2063 sociis
1270 2028 1508 2077 persuadere,

259 2132 293 2175 1)
324 2134 479 2167 Allocutio
511 2135 550 2167 ad
573 2135 710 2176 Iphitum
732 2144 795 2167 una
815 2137 863 2168 est
884 2144 901 2168 e
922 2135 1031 2167 multis
1052 2134 1250 2176 posteriorum
1271 2134 1421 2175 epicorum
1441 2142 1514 2173 poe·

212 2193 313 2224 ‘rarum
334 2192 477 2231 insaniis,
501 2193 589 2233 quasi
611 2193 674 2225 sint
695 2193 861 2225 familiarae
882 2193 1006 2226 heroum
1027 2193 1305 2234 mythologicorum.

257 2249 293 2294 2)
327 2250 403 2284 Tem
434 2253 546 2285 natura
579 2255 610 2286 et
642 2252 758 2287 indoles
790 2252 952 2294 Herculis,
985 2253 1039 2295 qui
1063 2253 1146 2286 solus
1167 2262 1265 2286 enare
1285 2253 1317 2284 et
1336 2251 1453 2285 labores
1473 2253 1514 2285 ab

212 2309 380 2350 Eurystheo
407 2310 507 2343 iussos
535 2312 669 2351 perferre
690 2312 821 2351 solebat,
844 2312 965 2353 proprie
985 2313 1024 2344 ab
1045 2313 1103 2345 hac
1125 2312 1227 2344 fabula
1247 2311 1347 2343 aliena
1368 2312 1430 2350 est,
1453 2321 1515 2352 quo

214 2367 414 2408 intelligimus
436 2367 600 2401 Herculem
624 2369 822 2410 posteriorum
844 2371 1001 2410 poetarum
1024 2370 1260 2402 additamentum
1282 2377 1356 2401 esse.
