<?xml version="1.0" encoding="UTF-8"?>
<!DOCTYPE html PUBLIC "-//W3C//DTD XHTML 1.0 Transitional//EN"
    "http://www.w3.org/TR/xhtml1/DTD/xhtml1-transitional.dtd">
<html xmlns="http://www.w3.org/1999/xhtml" xml:lang="en" lang="en">
 <head>
  <title>
</title>
<meta http-equiv="Content-Type" content="text/html;charset=utf-8" />
  <meta name='ocr-system' content='tesseract 3.04.00' />
  <meta name='ocr-capabilities' content='ocr_page ocr_carea ocr_par ocr_line ocrx_word'/>
</head>
<body>
  <div class='ocr_page' id='page_1' title='image "4737390_0015.png"; bbox 0 0 1874 2826; ppageno 0'>
   <div class='ocr_carea' id='block_1_1' title="bbox 404 766 1444 822">
    <p class='ocr_par' dir='ltr' id='par_1_1' title="bbox 404 766 1444 822">
     <span class='ocr_line' id='line_1_1' title="bbox 404 766 1444 822; baseline -0.002 -10"><span class='ocrx_word' id='word_1_1' title='bbox 404 772 576 821; x_wconf 72' lang='lat' dir='ltr'>Apollonii</span> <span class='ocrx_word' id='word_1_2' title='bbox 602 774 640 813; x_wconf 77' lang='lat' dir='ltr'>ot</span> <span class='ocrx_word' id='word_1_3' title='bbox 663 773 792 813; x_wconf 69' lang='lat' dir='ltr'>Valerii</span> <span class='ocrx_word' id='word_1_4' title='bbox 818 773 938 813; x_wconf 68' lang='lat' dir='ltr'>flacci</span> <span class='ocrx_word' id='word_1_5' title='bbox 961 773 1214 822; x_wconf 67' lang='grc' dir='ltr'><strong>Αταοιιιιιϋοι,</strong></span> <span class='ocrx_word' id='word_1_6' title='bbox 1245 766 1444 813; x_wconf 72' lang='lat' dir='ltr'>Exordium.</span> 
     </span>
    </p>
   </div>
   <div class='ocr_carea' id='block_1_2' title="bbox 267 876 1571 2282">
    <p class='ocr_par' dir='ltr' id='par_1_2' title="bbox 267 876 1571 2282">
     <span class='ocr_line' id='line_1_2' title="bbox 318 876 1570 922; baseline 0.001 -9"><span class='ocrx_word' id='word_1_7' title='bbox 318 876 358 913; x_wconf 87' lang='lat' dir='ltr'>Si</span> <span class='ocrx_word' id='word_1_8' title='bbox 366 876 527 914; x_wconf 84' lang='lat' dir='ltr'>Graecus</span> <span class='ocrx_word' id='word_1_9' title='bbox 535 878 650 914; x_wconf 90' lang='lat' dir='ltr'>homo</span> <span class='ocrx_word' id='word_1_10' title='bbox 663 878 914 914; x_wconf 85' lang='lat' dir='ltr'>Alexandrina</span> <span class='ocrx_word' id='word_1_11' title='bbox 926 877 1117 922; x_wconf 81' lang='lat' dir='ltr'>disciplina</span> <span class='ocrx_word' id='word_1_12' title='bbox 1127 878 1294 913; x_wconf 90' lang='lat' dir='ltr'>imbutus</span> <span class='ocrx_word' id='word_1_13' title='bbox 1305 878 1433 914; x_wconf 85' lang='lat' dir='ltr'>Museo</span> <span class='ocrx_word' id='word_1_14' title='bbox 1445 877 1570 914; x_wconf 90' lang='lat' dir='ltr'>biblio-</span> 
     </span>
     <span class='ocr_line' id='line_1_3' title="bbox 268 944 1568 990; baseline 0.002 -11"><span class='ocrx_word' id='word_1_15' title='bbox 268 944 398 980; x_wconf 88' lang='lat' dir='ltr'>thecae</span> <span class='ocrx_word' id='word_1_16' title='bbox 421 954 648 989; x_wconf 83' lang='lat' dir='ltr'>praeessem,</span> <span class='ocrx_word' id='word_1_17' title='bbox 674 954 768 990; x_wconf 89' lang='lat' dir='ltr'>opus</span> <span class='ocrx_word' id='word_1_18' title='bbox 789 944 946 981; x_wconf 86' lang='lat' dir='ltr'>maximi</span> <span class='ocrx_word' id='word_1_19' title='bbox 967 945 1149 982; x_wconf 85' lang='lat' dir='ltr'>momenti</span> <span class='ocrx_word' id='word_1_20' title='bbox 1162 946 1202 981; x_wconf 87' lang='lat' dir='ltr'>et</span> <span class='ocrx_word' id='word_1_21' title='bbox 1214 945 1310 990; x_wconf 87' lang='lat' dir='ltr'>grati</span> <span class='ocrx_word' id='word_1_22' title='bbox 1322 945 1456 981; x_wconf 89' lang='lat' dir='ltr'>laboris</span> <span class='ocrx_word' id='word_1_23' title='bbox 1468 954 1568 981; x_wconf 87' lang='lat' dir='ltr'>rerer</span> 
     </span>
     <span class='ocr_line' id='line_1_4' title="bbox 269 1012 1571 1058; baseline 0 -10"><span class='ocrx_word' id='word_1_24' title='bbox 269 1012 452 1057; x_wconf 91' lang='lat' dir='ltr'>Apollonii</span> <span class='ocrx_word' id='word_1_25' title='bbox 476 1013 607 1050; x_wconf 86' lang='lat' dir='ltr'>Rhodii</span> <span class='ocrx_word' id='word_1_26' title='bbox 631 1015 671 1050; x_wconf 90' lang='lat' dir='ltr'>et</span> <span class='ocrx_word' id='word_1_27' title='bbox 688 1012 827 1050; x_wconf 85' lang='lat' dir='ltr'>Valerii</span> <span class='ocrx_word' id='word_1_28' title='bbox 845 1013 965 1049; x_wconf 80' lang='lat' dir='ltr'>Flacci</span> <span class='ocrx_word' id='word_1_29' title='bbox 984 1012 1236 1058; x_wconf 85' lang='lat' dir='ltr'>Argonautica</span> <span class='ocrx_word' id='word_1_30' title='bbox 1248 1021 1459 1058; x_wconf 85' lang='lat' dir='ltr'>comparare</span> <span class='ocrx_word' id='word_1_31' title='bbox 1470 1013 1571 1049; x_wconf 90' lang='lat' dir='ltr'>inter</span> 
     </span>
     <span class='ocr_line' id='line_1_5' title="bbox 270 1078 1567 1128; baseline 0 -11"><span class='ocrx_word' id='word_1_32' title='bbox 270 1090 311 1117; x_wconf 88' lang='lat' dir='ltr'>se</span> <span class='ocrx_word' id='word_1_33' title='bbox 328 1090 375 1118; x_wconf 85' lang='lat' dir='ltr'>eo</span> <span class='ocrx_word' id='word_1_34' title='bbox 394 1081 501 1118; x_wconf 91' lang='lat' dir='ltr'>modo</span> <span class='ocrx_word' id='word_1_35' title='bbox 520 1078 563 1118; x_wconf 86' lang='lat' dir='ltr'>ut</span> <span class='ocrx_word' id='word_1_36' title='bbox 580 1083 730 1118; x_wconf 86' lang='lat' dir='ltr'>tantum</span> <span class='ocrx_word' id='word_1_37' title='bbox 742 1091 802 1118; x_wconf 90' lang='lat' dir='ltr'>res</span> <span class='ocrx_word' id='word_1_38' title='bbox 813 1082 932 1128; x_wconf 86' lang='lat' dir='ltr'>ipsas,</span> <span class='ocrx_word' id='word_1_39' title='bbox 956 1082 1106 1118; x_wconf 88' lang='lat' dir='ltr'>nomina</span> <span class='ocrx_word' id='word_1_40' title='bbox 1118 1083 1159 1118; x_wconf 85' lang='lat' dir='ltr'>et</span> <span class='ocrx_word' id='word_1_41' title='bbox 1171 1082 1323 1118; x_wconf 90' lang='lat' dir='ltr'>heroum</span> <span class='ocrx_word' id='word_1_42' title='bbox 1337 1082 1377 1117; x_wconf 88' lang='lat' dir='ltr'>et</span> <span class='ocrx_word' id='word_1_43' title='bbox 1389 1081 1567 1127; x_wconf 82' lang='lat' dir='ltr'>locorum,</span> 
     </span>
     <span class='ocr_line' id='line_1_6' title="bbox 268 1149 1568 1198; baseline 0 -13"><span class='ocrx_word' id='word_1_44' title='bbox 268 1149 394 1185; x_wconf 89' lang='lat' dir='ltr'>omnia</span> <span class='ocrx_word' id='word_1_45' title='bbox 405 1150 560 1194; x_wconf 86' lang='lat' dir='ltr'>denique</span> <span class='ocrx_word' id='word_1_46' title='bbox 571 1159 666 1195; x_wconf 89' lang='lat' dir='ltr'>quae</span> <span class='ocrx_word' id='word_1_47' title='bbox 677 1151 725 1186; x_wconf 79' lang='lat' dir='ltr'>ad</span> <span class='ocrx_word' id='word_1_48' title='bbox 737 1150 1003 1195; x_wconf 87' lang='lat' dir='ltr'>mythologiam</span> <span class='ocrx_word' id='word_1_49' title='bbox 1016 1149 1321 1198; x_wconf 79' lang='lat' dir='ltr'>etgeographiam</span> <span class='ocrx_word' id='word_1_50' title='bbox 1329 1149 1568 1194; x_wconf 80' lang='lat' dir='ltr'>pertinerent,</span> 
     </span>
     <span class='ocr_line' id='line_1_7' title="bbox 269 1216 1569 1262; baseline 0 -10"><span class='ocrx_word' id='word_1_51' title='bbox 269 1216 489 1260; x_wconf 85' lang='lat' dir='ltr'>conferrem,</span> <span class='ocrx_word' id='word_1_52' title='bbox 508 1217 607 1253; x_wconf 86' lang='lat' dir='ltr'>idem</span> <span class='ocrx_word' id='word_1_53' title='bbox 632 1218 769 1254; x_wconf 87' lang='lat' dir='ltr'>omissa</span> <span class='ocrx_word' id='word_1_54' title='bbox 793 1217 914 1262; x_wconf 83' lang='lat' dir='ltr'>aliqua</span> <span class='ocrx_word' id='word_1_55' title='bbox 934 1217 1133 1259; x_wconf 84' lang='lat' dir='ltr'>adicerem,</span> <span class='ocrx_word' id='word_1_56' title='bbox 1158 1225 1323 1261; x_wconf 85' lang='lat' dir='ltr'>quaeque</span> <span class='ocrx_word' id='word_1_57' title='bbox 1335 1217 1459 1253; x_wconf 86' lang='lat' dir='ltr'>minus</span> <span class='ocrx_word' id='word_1_58' title='bbox 1467 1218 1569 1252; x_wconf 87' lang='lat' dir='ltr'>recta</span> 
     </span>
     <span class='ocr_line' id='line_1_8' title="bbox 267 1284 1567 1330; baseline 0 -10"><span class='ocrx_word' id='word_1_59' title='bbox 267 1287 414 1329; x_wconf 88' lang='lat' dir='ltr'>essent,</span> <span class='ocrx_word' id='word_1_60' title='bbox 445 1286 690 1322; x_wconf 84' lang='lat' dir='ltr'>emendarem.</span> <span class='ocrx_word' id='word_1_61' title='bbox 727 1285 819 1330; x_wconf 81' lang='lat' dir='ltr'>Quia</span> <span class='ocrx_word' id='word_1_62' title='bbox 843 1286 972 1321; x_wconf 89' lang='lat' dir='ltr'>autem</span> <span class='ocrx_word' id='word_1_63' title='bbox 995 1285 1143 1320; x_wconf 92' lang='lat' dir='ltr'>animus</span> <span class='ocrx_word' id='word_1_64' title='bbox 1166 1284 1338 1320; x_wconf 87' lang='lat' dir='ltr'>abhorret</span> <span class='ocrx_word' id='word_1_65' title='bbox 1362 1284 1567 1320; x_wconf 78' lang='lat' dir='ltr'>doctrinam</span> 
     </span>
     <span class='ocr_line' id='line_1_9' title="bbox 268 1351 1568 1398; baseline -0.001 -10"><span class='ocrx_word' id='word_1_66' title='bbox 268 1352 557 1388; x_wconf 76' lang='lat' dir='ltr'>Alexandrinam</span> <span class='ocrx_word' id='word_1_67' title='bbox 592 1354 748 1398; x_wconf 86' lang='lat' dir='ltr'>iactare,</span> <span class='ocrx_word' id='word_1_68' title='bbox 780 1353 886 1389; x_wconf 90' lang='lat' dir='ltr'>cuius</span> <span class='ocrx_word' id='word_1_69' title='bbox 910 1362 970 1388; x_wconf 89' lang='lat' dir='ltr'>me</span> <span class='ocrx_word' id='word_1_70' title='bbox 995 1361 1140 1397; x_wconf 88' lang='lat' dir='ltr'>quoque</span> <span class='ocrx_word' id='word_1_71' title='bbox 1164 1352 1288 1396; x_wconf 83' lang='lat' dir='ltr'>ipsum</span> <span class='ocrx_word' id='word_1_72' title='bbox 1313 1360 1429 1396; x_wconf 87' lang='lat' dir='ltr'>aeque</span> <span class='ocrx_word' id='word_1_73' title='bbox 1454 1351 1568 1396; x_wconf 84' lang='lat' dir='ltr'>impe·</span> 
     </span>
     <span class='ocr_line' id='line_1_10' title="bbox 268 1419 1566 1466; baseline 0 -11"><span class='ocrx_word' id='word_1_74' title='bbox 268 1420 383 1455; x_wconf 85' lang='lat' dir='ltr'>ritum</span> <span class='ocrx_word' id='word_1_75' title='bbox 403 1429 486 1455; x_wconf 84' lang='lat' dir='ltr'>esse</span> <span class='ocrx_word' id='word_1_76' title='bbox 507 1421 681 1457; x_wconf 87' lang='lat' dir='ltr'>confiteor</span> <span class='ocrx_word' id='word_1_77' title='bbox 701 1431 744 1457; x_wconf 89' lang='lat' dir='ltr'>ac</span> <span class='ocrx_word' id='word_1_78' title='bbox 764 1430 874 1466; x_wconf 90' lang='lat' dir='ltr'>prope</span> <span class='ocrx_word' id='word_1_79' title='bbox 892 1430 1038 1462; x_wconf 84' lang='lat' dir='ltr'>omnes,</span> <span class='ocrx_word' id='word_1_80' title='bbox 1063 1421 1126 1465; x_wconf 91' lang='lat' dir='ltr'>qui</span> <span class='ocrx_word' id='word_1_81' title='bbox 1139 1423 1305 1463; x_wconf 89' lang='lat' dir='ltr'>tempore</span> <span class='ocrx_word' id='word_1_82' title='bbox 1318 1429 1400 1455; x_wconf 88' lang='lat' dir='ltr'>meo</span> <span class='ocrx_word' id='word_1_83' title='bbox 1414 1419 1566 1462; x_wconf 76' lang='lat' dir='ltr'>vivunt,</span> 
     </span>
     <span class='ocr_line' id='line_1_11' title="bbox 268 1487 1567 1534; baseline 0 -11"><span class='ocrx_word' id='word_1_84' title='bbox 268 1496 342 1523; x_wconf 87' lang='lat' dir='ltr'>non</span> <span class='ocrx_word' id='word_1_85' title='bbox 373 1490 522 1524; x_wconf 86' lang='lat' dir='ltr'>tantum</span> <span class='ocrx_word' id='word_1_86' title='bbox 553 1488 597 1524; x_wconf 91' lang='lat' dir='ltr'>de</span> <span class='ocrx_word' id='word_1_87' title='bbox 627 1489 737 1526; x_wconf 88' lang='lat' dir='ltr'>rebus</span> <span class='ocrx_word' id='word_1_88' title='bbox 769 1491 810 1525; x_wconf 91' lang='lat' dir='ltr'>et</span> <span class='ocrx_word' id='word_1_89' title='bbox 833 1489 1043 1526; x_wconf 89' lang='lat' dir='ltr'>nominibus</span> <span class='ocrx_word' id='word_1_90' title='bbox 1067 1489 1158 1534; x_wconf 91' lang='lat' dir='ltr'>ipsis</span> <span class='ocrx_word' id='word_1_91' title='bbox 1182 1496 1292 1532; x_wconf 88' lang='lat' dir='ltr'>agere</span> <span class='ocrx_word' id='word_1_92' title='bbox 1316 1487 1430 1523; x_wconf 92' lang='lat' dir='ltr'>velim</span> <span class='ocrx_word' id='word_1_93' title='bbox 1454 1496 1567 1532; x_wconf 88' lang='lat' dir='ltr'>quam</span> 
     </span>
     <span class='ocr_line' id='line_1_12' title="bbox 267 1556 1566 1602; baseline 0.002 -11"><span class='ocrx_word' id='word_1_94' title='bbox 267 1565 341 1599; x_wconf 83' lang='lat' dir='ltr'>qua</span> <span class='ocrx_word' id='word_1_95' title='bbox 372 1556 513 1593; x_wconf 91' lang='lat' dir='ltr'>ratione</span> <span class='ocrx_word' id='word_1_96' title='bbox 538 1566 629 1592; x_wconf 91' lang='lat' dir='ltr'>usus</span> <span class='ocrx_word' id='word_1_97' title='bbox 652 1559 807 1601; x_wconf 91' lang='lat' dir='ltr'>uterque</span> <span class='ocrx_word' id='word_1_98' title='bbox 831 1560 941 1602; x_wconf 88' lang='lat' dir='ltr'>poeta</span> <span class='ocrx_word' id='word_1_99' title='bbox 969 1566 1122 1593; x_wconf 90' lang='lat' dir='ltr'>munere</span> <span class='ocrx_word' id='word_1_100' title='bbox 1152 1557 1205 1593; x_wconf 89' lang='lat' dir='ltr'>sit</span> <span class='ocrx_word' id='word_1_101' title='bbox 1242 1557 1404 1593; x_wconf 83' lang='lat' dir='ltr'>functus.</span> <span class='ocrx_word' id='word_1_102' title='bbox 1443 1557 1499 1593; x_wconf 91' lang='lat' dir='ltr'>Ut</span> <span class='ocrx_word' id='word_1_103' title='bbox 1521 1558 1566 1602; x_wconf 75' lang='lat' dir='ltr'>ii,</span> 
     </span>
     <span class='ocr_line' id='line_1_13' title="bbox 268 1622 1567 1670; baseline 0.002 -12"><span class='ocrx_word' id='word_1_104' title='bbox 268 1622 332 1667; x_wconf 90' lang='lat' dir='ltr'>qui</span> <span class='ocrx_word' id='word_1_105' title='bbox 362 1622 603 1667; x_wconf 80' lang='lat' dir='ltr'>agriculturae</span> <span class='ocrx_word' id='word_1_106' title='bbox 628 1623 800 1664; x_wconf 88' lang='lat' dir='ltr'>student,</span> <span class='ocrx_word' id='word_1_107' title='bbox 833 1624 1000 1660; x_wconf 86' lang='lat' dir='ltr'>diversas</span> <span class='ocrx_word' id='word_1_108' title='bbox 1025 1625 1143 1659; x_wconf 81' lang='lat' dir='ltr'>terras</span> <span class='ocrx_word' id='word_1_109' title='bbox 1167 1633 1241 1660; x_wconf 92' lang='lat' dir='ltr'>non</span> <span class='ocrx_word' id='word_1_110' title='bbox 1266 1624 1417 1661; x_wconf 88' lang='lat' dir='ltr'>easdem</span> <span class='ocrx_word' id='word_1_111' title='bbox 1441 1624 1567 1670; x_wconf 86' lang='lat' dir='ltr'>fruges</span> 
     </span>
     <span class='ocr_line' id='line_1_14' title="bbox 267 1690 1567 1738; baseline 0.002 -13"><span class='ocrx_word' id='word_1_112' title='bbox 267 1690 416 1734; x_wconf 86' lang='lat' dir='ltr'>gignere</span> <span class='ocrx_word' id='word_1_113' title='bbox 448 1691 514 1727; x_wconf 89' lang='lat' dir='ltr'>sed</span> <span class='ocrx_word' id='word_1_114' title='bbox 545 1700 717 1727; x_wconf 87' lang='lat' dir='ltr'>arvorum</span> <span class='ocrx_word' id='word_1_115' title='bbox 748 1691 1005 1728; x_wconf 84' lang='lat' dir='ltr'>diversitatem</span> <span class='ocrx_word' id='word_1_116' title='bbox 1037 1701 1189 1728; x_wconf 84' lang='lat' dir='ltr'>causam</span> <span class='ocrx_word' id='word_1_117' title='bbox 1222 1701 1307 1728; x_wconf 79' lang='lat' dir='ltr'>esse</span> <span class='ocrx_word' id='word_1_118' title='bbox 1339 1695 1383 1728; x_wconf 90' lang='lat' dir='ltr'>ut</span> <span class='ocrx_word' id='word_1_119' title='bbox 1418 1692 1567 1738; x_wconf 86' lang='lat' dir='ltr'>fmgum</span> 
     </span>
     <span class='ocr_line' id='line_1_15' title="bbox 269 1749 1567 1804; baseline 0.001 -10"><span class='ocrx_word' id='word_1_120' title='bbox 269 1757 388 1794; x_wconf 88' lang='lat' dir='ltr'>multa</span> <span class='ocrx_word' id='word_1_121' title='bbox 410 1767 544 1803; x_wconf 85' lang='lat' dir='ltr'>genera</span> <span class='ocrx_word' id='word_1_122' title='bbox 568 1759 771 1803; x_wconf 85' lang='lat' dir='ltr'>exsistant,</span> <span class='ocrx_word' id='word_1_123' title='bbox 792 1749 846 1795; x_wconf 86' lang='lat' dir='ltr'>sic</span> <span class='ocrx_word' id='word_1_124' title='bbox 862 1758 1071 1795; x_wconf 90' lang='lat' dir='ltr'>litterarum</span> <span class='ocrx_word' id='word_1_125' title='bbox 1084 1758 1207 1795; x_wconf 89' lang='lat' dir='ltr'>studio</span> <span class='ocrx_word' id='word_1_126' title='bbox 1220 1768 1371 1804; x_wconf 88' lang='lat' dir='ltr'>operam</span> <span class='ocrx_word' id='word_1_127' title='bbox 1383 1762 1567 1797; x_wconf 86' lang='lat' dir='ltr'>navantes</span> 
     </span>
     <span class='ocr_line' id='line_1_16' title="bbox 268 1826 1566 1872; baseline 0.002 -11"><span class='ocrx_word' id='word_1_128' title='bbox 268 1826 532 1862; x_wconf 86' lang='lat' dir='ltr'>intellexerunt</span> <span class='ocrx_word' id='word_1_129' title='bbox 563 1829 729 1871; x_wconf 87' lang='lat' dir='ltr'>tempora</span> <span class='ocrx_word' id='word_1_130' title='bbox 760 1827 840 1871; x_wconf 87' lang='lat' dir='ltr'>ipsa</span> <span class='ocrx_word' id='word_1_131' title='bbox 872 1829 912 1862; x_wconf 87' lang='lat' dir='ltr'>et</span> <span class='ocrx_word' id='word_1_132' title='bbox 942 1827 1085 1871; x_wconf 87' lang='lat' dir='ltr'>omnia,</span> <span class='ocrx_word' id='word_1_133' title='bbox 1123 1836 1218 1871; x_wconf 87' lang='lat' dir='ltr'>quae</span> <span class='ocrx_word' id='word_1_134' title='bbox 1242 1827 1415 1872; x_wconf 85' lang='lat' dir='ltr'>aequales</span> <span class='ocrx_word' id='word_1_135' title='bbox 1440 1831 1566 1864; x_wconf 91' lang='lat' dir='ltr'>mente</span> 
     </span>
     <span class='ocr_line' id='line_1_17' title="bbox 269 1893 1564 1939; baseline 0.002 -11"><span class='ocrx_word' id='word_1_136' title='bbox 269 1895 439 1938; x_wconf 83' lang='lat' dir='ltr'>versent,</span> <span class='ocrx_word' id='word_1_137' title='bbox 461 1895 653 1939; x_wconf 88' lang='lat' dir='ltr'>poetarum</span> <span class='ocrx_word' id='word_1_138' title='bbox 672 1894 823 1930; x_wconf 91' lang='lat' dir='ltr'>inventa</span> <span class='ocrx_word' id='word_1_139' title='bbox 842 1893 990 1939; x_wconf 87' lang='lat' dir='ltr'>gignere</span> <span class='ocrx_word' id='word_1_140' title='bbox 1010 1902 1145 1938; x_wconf 90' lang='lat' dir='ltr'>eosque</span> <span class='ocrx_word' id='word_1_141' title='bbox 1158 1903 1286 1938; x_wconf 88' lang='lat' dir='ltr'>cogere</span> <span class='ocrx_word' id='word_1_142' title='bbox 1300 1896 1345 1930; x_wconf 91' lang='lat' dir='ltr'>ut</span> <span class='ocrx_word' id='word_1_143' title='bbox 1356 1897 1493 1931; x_wconf 87' lang='lat' dir='ltr'>canant</span> <span class='ocrx_word' id='word_1_144' title='bbox 1504 1904 1564 1937; x_wconf 90' lang='lat' dir='ltr'>ea,</span> 
     </span>
     <span class='ocr_line' id='line_1_18' title="bbox 268 1961 1567 2008; baseline 0 -10"><span class='ocrx_word' id='word_1_145' title='bbox 268 1971 363 2005; x_wconf 86' lang='lat' dir='ltr'>quae</span> <span class='ocrx_word' id='word_1_146' title='bbox 384 1962 527 1999; x_wconf 86' lang='lat' dir='ltr'>civibus</span> <span class='ocrx_word' id='word_1_147' title='bbox 547 1961 638 2007; x_wconf 89' lang='lat' dir='ltr'>ipsis</span> <span class='ocrx_word' id='word_1_148' title='bbox 658 1964 762 2007; x_wconf 87' lang='lat' dir='ltr'>grata</span> <span class='ocrx_word' id='word_1_149' title='bbox 782 1962 858 1998; x_wconf 88' lang='lat' dir='ltr'>sint</span> <span class='ocrx_word' id='word_1_150' title='bbox 878 1964 918 1998; x_wconf 93' lang='lat' dir='ltr'>et</span> <span class='ocrx_word' id='word_1_151' title='bbox 936 1963 983 1998; x_wconf 86' lang='lat' dir='ltr'>ab</span> <span class='ocrx_word' id='word_1_152' title='bbox 1003 1962 1050 1998; x_wconf 80' lang='lat' dir='ltr'>iis</span> <span class='ocrx_word' id='word_1_153' title='bbox 1061 1962 1214 2007; x_wconf 87' lang='lat' dir='ltr'>intelligi</span> <span class='ocrx_word' id='word_1_154' title='bbox 1226 1963 1371 2008; x_wconf 85' lang='lat' dir='ltr'>possint</span> <span class='ocrx_word' id='word_1_155' title='bbox 1389 1963 1436 2007; x_wconf 90' lang='lat'>1).</span> <span class='ocrx_word' id='word_1_156' title='bbox 1448 1962 1567 2007; x_wconf 91' lang='lat' dir='ltr'>Igitur</span> 
     </span>
     <span class='ocr_line' id='line_1_19' title="bbox 269 2029 1567 2076; baseline 0.002 -11"><span class='ocrx_word' id='word_1_157' title='bbox 269 2030 309 2065; x_wconf 90' lang='lat' dir='ltr'>et</span> <span class='ocrx_word' id='word_1_158' title='bbox 326 2031 489 2067; x_wconf 89' lang='lat' dir='ltr'>rationes</span> <span class='ocrx_word' id='word_1_159' title='bbox 509 2030 610 2076; x_wconf 89' lang='lat' dir='ltr'>ipsas</span> <span class='ocrx_word' id='word_1_160' title='bbox 630 2030 822 2076; x_wconf 88' lang='lat' dir='ltr'>utriusque</span> <span class='ocrx_word' id='word_1_161' title='bbox 842 2032 971 2076; x_wconf 88' lang='lat' dir='ltr'>poetae</span> <span class='ocrx_word' id='word_1_162' title='bbox 984 2039 1049 2076; x_wconf 91' lang='lat' dir='ltr'>per</span> <span class='ocrx_word' id='word_1_163' title='bbox 1060 2031 1372 2075; x_wconf 87' lang='lat' dir='ltr'>comparationem</span> <span class='ocrx_word' id='word_1_164' title='bbox 1384 2029 1567 2075; x_wconf 83' lang='lat' dir='ltr'>explicare</span> 
     </span>
     <span class='ocr_line' id='line_1_20' title="bbox 268 2099 1566 2144; baseline 0.001 -10"><span class='ocrx_word' id='word_1_165' title='bbox 268 2099 360 2134; x_wconf 82' lang='lat' dir='ltr'>mihi</span> <span class='ocrx_word' id='word_1_166' title='bbox 393 2099 431 2135; x_wconf 93' lang='lat' dir='ltr'>in</span> <span class='ocrx_word' id='word_1_167' title='bbox 461 2101 585 2137; x_wconf 89' lang='lat' dir='ltr'>animo</span> <span class='ocrx_word' id='word_1_168' title='bbox 609 2102 669 2137; x_wconf 87' lang='lat' dir='ltr'>est</span> <span class='ocrx_word' id='word_1_169' title='bbox 695 2103 735 2137; x_wconf 90' lang='lat' dir='ltr'>et</span> <span class='ocrx_word' id='word_1_170' title='bbox 759 2100 1010 2136; x_wconf 85' lang='lat' dir='ltr'>demonstrare</span> <span class='ocrx_word' id='word_1_171' title='bbox 1034 2109 1105 2144; x_wconf 91' lang='lat' dir='ltr'>quo</span> <span class='ocrx_word' id='word_1_172' title='bbox 1130 2099 1237 2135; x_wconf 89' lang='lat' dir='ltr'>modo</span> <span class='ocrx_word' id='word_1_173' title='bbox 1261 2099 1425 2135; x_wconf 88' lang='lat' dir='ltr'>carmina</span> <span class='ocrx_word' id='word_1_174' title='bbox 1450 2100 1566 2135; x_wconf 83' lang='lat' dir='ltr'>exsti-</span> 
     </span>
     <span class='ocr_line' id='line_1_21' title="bbox 268 2166 1566 2214; baseline 0.003 -13"><span class='ocrx_word' id='word_1_175' title='bbox 268 2166 383 2203; x_wconf 86' lang='lat' dir='ltr'>terint</span> <span class='ocrx_word' id='word_1_176' title='bbox 407 2169 446 2204; x_wconf 91' lang='lat' dir='ltr'>et</span> <span class='ocrx_word' id='word_1_177' title='bbox 471 2177 565 2213; x_wconf 88' lang='lat' dir='ltr'>quae</span> <span class='ocrx_word' id='word_1_178' title='bbox 589 2168 816 2214; x_wconf 89' lang='lat' dir='ltr'>temporibus</span> <span class='ocrx_word' id='word_1_179' title='bbox 840 2167 1045 2206; x_wconf 89' lang='lat' dir='ltr'>tribuamus</span> <span class='ocrx_word' id='word_1_180' title='bbox 1070 2176 1218 2204; x_wconf 86' lang='lat' dir='ltr'>necesse</span> <span class='ocrx_word' id='word_1_181' title='bbox 1244 2167 1305 2204; x_wconf 89' lang='lat' dir='ltr'>sit.</span> <span class='ocrx_word' id='word_1_182' title='bbox 1320 2166 1460 2213; x_wconf 83' lang='lat' dir='ltr'>Quibus</span> <span class='ocrx_word' id='word_1_183' title='bbox 1473 2168 1566 2205; x_wconf 90' lang='lat' dir='ltr'>bene</span> 
     </span>
     <span class='ocr_line' id='line_1_22' title="bbox 267 2235 1566 2282; baseline 0.002 -12"><span class='ocrx_word' id='word_1_184' title='bbox 267 2236 470 2280; x_wconf 87' lang='lat' dir='ltr'>perspectis</span> <span class='ocrx_word' id='word_1_185' title='bbox 494 2238 721 2273; x_wconf 87' lang='lat' dir='ltr'>sententiam</span> <span class='ocrx_word' id='word_1_186' title='bbox 740 2237 941 2282; x_wconf 89' lang='lat' dir='ltr'>proferam,</span> <span class='ocrx_word' id='word_1_187' title='bbox 963 2239 1046 2272; x_wconf 88' lang='lat' dir='ltr'>uter</span> <span class='ocrx_word' id='word_1_188' title='bbox 1064 2238 1173 2280; x_wconf 89' lang='lat' dir='ltr'>poeta</span> <span class='ocrx_word' id='word_1_189' title='bbox 1194 2244 1253 2270; x_wconf 86' lang='lat' dir='ltr'>me</span> <span class='ocrx_word' id='word_1_190' title='bbox 1273 2235 1409 2281; x_wconf 86' lang='lat' dir='ltr'>iudice,</span> <span class='ocrx_word' id='word_1_191' title='bbox 1432 2237 1566 2273; x_wconf 88' lang='lat' dir='ltr'>melius</span> 
     </span>
    </p>
   </div>
   <div class='ocr_carea' id='block_1_3' title="bbox 248 2326 483 2333">
    <p class='ocr_par' dir='ltr' id='par_1_3' title="bbox 248 2326 483 2333">
     <span class='ocr_line' id='line_1_23' title="bbox 248 2326 483 2333; baseline 0 493"><span class='ocrx_word' id='word_1_192' title='bbox 248 2326 483 2333; x_wconf 95' lang='lat' dir='ltr'> </span> 
     </span>
    </p>
   </div>
   <div class='ocr_carea' id='block_1_4' title="bbox 311 2379 1468 2463">
    <p class='ocr_par' dir='ltr' id='par_1_4' title="bbox 311 2379 1468 2463">
     <span class='ocr_line' id='line_1_24' title="bbox 311 2379 1468 2463; baseline 0.001 -52"><span class='ocrx_word' id='word_1_193' title='bbox 311 2379 341 2418; x_wconf 90' lang='lat'>1)</span> <span class='ocrx_word' id='word_1_194' title='bbox 367 2379 407 2412; x_wconf 86' lang='lat' dir='ltr'>Cf</span> <span class='ocrx_word' id='word_1_195' title='bbox 424 2380 527 2412; x_wconf 87' lang='lat' dir='ltr'>Taine.</span> <span class='ocrx_word' id='word_1_196' title='bbox 550 2381 743 2421; x_wconf 85' lang='lat' dir='ltr'>Philosophie</span> <span class='ocrx_word' id='word_1_197' title='bbox 766 2381 803 2413; x_wconf 87' lang='lat' dir='ltr'>de</span> <span class='ocrx_word' id='word_1_198' title='bbox 824 2381 916 2413; x_wconf 85' lang='lat' dir='ltr'>I&#39;Art.</span> <span class='ocrx_word' id='word_1_199' title='bbox 941 2380 958 2412; x_wconf 89' lang='lat'>1</span> <span class='ocrx_word' id='word_1_200' title='bbox 984 2393 992 2412; x_wconf 74' lang='grc' dir='ltr'>ε</span> <span class='ocrx_word' id='word_1_201' title='bbox 1015 2379 1072 2419; x_wconf 85' lang='grc'>58,</span> <span class='ocrx_word' id='word_1_202' title='bbox 1096 2381 1147 2412; x_wconf 87' lang='grc'>59.</span> <span class='ocrx_word' id='word_1_203' title='bbox 1451 2428 1468 2463; x_wconf 73' lang='grc'>1</span> 
     </span>
    </p>
   </div>
  </div>
 </body>
</html>
