1874 2826
838 277 886 313 27

217 382 317 423 nulla
336 382 515 425 inserere,
540 383 665 428 ipsum
686 383 823 421 Valerii
842 386 1106 429 argumentum
1126 382 1352 428 impediebat
1372 390 1419 417 ne
1441 382 1516 418 tale

215 449 305 494 quid
328 449 476 490 faceret.
722 495 725 498 ⁴
812 468 815 472 ν
965 447 968 449 ’

222 535 231 560 5
262 516 367 560 Nave
391 512 554 563 profecta
582 518 752 555 Valerius
776 518 975 565 Olympum
999 521 1040 555 et
1063 518 1252 555 coelicolas
1272 516 1432 553 induxit.
1459 515 1515 552 In·

215 585 306 631 cipit
330 586 488 628 ⁴historia
521 587 670 632 mundi,
703 587 865 632 gaudent
899 587 959 625 Dii
992 589 1033 623 et
1063 587 1182 630 Deae,
1207 586 1304 631 quod
1327 586 1405 621 iam
1428 584 1515 620 finis

214 653 321 695 adest
344 655 487 691 aeterni
508 655 641 704 taedii,
666 642 706 691 et
717 655 853 691 Parcae
866 655 1014 691 maioris
1027 655 1131 699 pensi
1143 654 1295 699 cupidae
1309 652 1357 700 1).
1383 652 1440 689 At
1453 651 1513 688 Sol

213 720 367 757 moleste
403 721 442 756 id
478 721 601 760 ferens
635 721 714 756 Iovi
749 721 820 765 ipsi
855 730 973 756 ausus
1006 723 1066 756 est
1099 721 1312 756 convitiariz
1345 720 1513 757 seenim

212 788 393 831 veritum,
420 798 468 824 ne
489 789 616 824 hostes
641 789 784 824 Aeetae
795 805 807 830 ‚>
829 787 904 826 filio
930 797 1013 833 suo,
1038 790 1231 832 nocerent,
1251 797 1337 824 eum
1359 787 1513 833 frigidae

212 856 351 900 regioni
369 855 563 901 Scythicae
581 855 818 901 praefecisse,
843 864 1003 899 eumque
1015 856 1146 891 bruma
1158 858 1198 892 et
1210 855 1341 899 frigore
1354 856 1511 891 ulterius

212 923 377 966 recedere
397 932 470 959 non
483 932 601 968 posse.
624 907 724 959 Num
735 923 896 959 Aeetem
908 922 1108 967 quidquam
1120 923 1159 959 in
1171 922 1328 959 Graecos
1339 932 1510 968 peccasse

209 992 261 1034 et,
272 990 453 1026 Phrixum
474 991 637 1026 invitum
657 990 869 1035 retinuisse,
881 991 927 1025 ut
935 990 1020 1034 vipse
1036 990 1152 1027 vellus
1163 999 1318 1025 aureum
1329 990 1510 1026 haberet?

211 1058 330 1095 Immo
368 1067 455 1100 vero
492 1067 578 1095 eum
615 1047 777 1100 noluisse
814 1068 889 1095 una
922 1068 1008 1096 cum
1041 1058 1176 1095 Phrixo
1210 1058 1248 1094 in
1283 1058 1512 1094 Thessaliam

210 1126 408 1170 proficisci,
446 1124 519 1172 (Sol
556 1127 610 1161 ira
647 1127 821 1161 incensus
857 1125 1084 1163 obliviscitur
1116 1127 1217 1170 Argo
1242 1135 1326 1161 esse
1351 1126 1509 1170 primam

211 1201 367 1235 navem,
402 1194 446 1230 ut
479 1194 616 1230 Aeetes
652 1195 694 1229 et
725 1192 887 1234 Phrixus
911 1193 1138 1230 Thessaliam
1163 1202 1228 1238 per
1252 1201 1353 1229 mare
1379 1201 1513 1237 magna

209 1262 329 1298 classe
360 1264 486 1307 petere
519 1272 591 1298 non
625 1261 829 1309 potuerint)
861 1264 906 1298 ut
940 1262 1101 1298 Phrixus
1134 1272 1157 1298 a
1186 1262 1401 1307 parentibus
1433 1262 1512 1298 suis

210 1339 347 1375 poenas
370 1331 490 1366 iustas
503 1331 696 1375 sumeret,
722 1330 788 1366 sed
812 1330 936 1375 potius
960 1339 1046 1366 eum
1071 1331 1177 1375 parte
1202 1329 1346 1374 imperii
1359 1331 1399 1365 et
1411 1328 1514 1365 filiae

207 1399 387 1435 connubio
429 1408 517 1434 eum
552 1399 621 1434 sibi
655 1398 881 1434 adiunxisse.
918 1398 997 1433 Iam
1032 1398 1126 1434 satis
1170 1398 1355 1434 consciam
1390 1397 1513 1433 luctus

207 1466 343 1508 silvam
368 1466 458 1503 Padi
482 1475 565 1502 esse
591 1468 711 1503 morte
737 1466 955 1503 Phaetontis
980 1465 1031 1513 2).

257 1534 318 1572 Sol
339 1535 452 1580 igitur
472 1537 512 1571 et
532 1534 687 1580 Boreas,
692 1536 865 1574 tortasse
888 1502 1212 1580 septentrionalis
1208 1534 1367 1579 regionis
1385 1538 1512 1571 custos

207 1604 408 1651 (conferas,
431 1612 526 1648 quae
547 1603 668 1639 dicam
688 1603 735 1640 ad
757 1604 952 1640 598—607
973 1612 1055 1648 pag.
1069 1601 1130 1649 31)
1149 1605 1305 1647 uterque
1318 1602 1512 1648 Scythiam

206 1672 428 1708 defendunt:
462 1671 574 1716 frigor
608 1673 648 1706 et
679 1671 776 1707 calor
800 1672 929 1707 foedus
955 1671 1117 1707 inierunt
1141 1671 1362 1715 easdemque
1386 1672 1512 1715 partes

204 1740 334 1785 agunt.
372 1739 471 1776 Mars
496 1738 569 1775 Soli
593 1739 810 1784 assentitur,
837 1738 928 1775 Iuno
953 1740 992 1774 et
1017 1738 1136 1775 Pallas
1161 1738 1412 1783 indignatione
1437 1739 1508 1774 fre-

209 1809 320 1844 munt
344 1807 580 1854 (498—530).

255 1875 311 1911 At
333 1874 499 1921 Iuppiter
523 1877 682 1913 contrat,
704 1875 759 1911 ita
791 1877 891 1911 stare
924 1875 1043 1911 fixum
1068 1877 1107 1910 et
1132 1875 1364 1911 immutabile
1388 1876 1510 1911 fatum

206 1952 403 1987 rerumque
427 1943 611 1988 ordinem,
639 1952 679 1979 se
704 1952 855 1979 summa
880 1943 1069 1988 aequitate
1094 1943 1216 1980 omnia
1241 1943 1294 1979 ita
1318 1943 1508 1989 sanxisse,

206 2019 292 2058 cum
316 2010 480 2050 nondum
504 2010 576 2047 sibi
601 2010 666 2046 filii
688 2010 727 2045 in
749 2010 857 2046 terris
878 2013 1016 2049 essent.
1043 2009 1236 2055 Scythicae
1255 2012 1384 2046 autem
1405 2010 1510 2055 genti

250 2126 281 2163 1)
305 2126 351 2157 Of.
378 2126 566 2160 498—502.

247 2183 280 2221 2)
304 2183 337 2215 cf
345 2182 420 2216 527.
430 2183 588 2217 Valerium
599 2183 742 2215 Ovidium
753 2185 884 2216 multum
896 2192 1033 2216 versasse
1043 2193 1136 2215 manu
1147 2183 1338 2223 perspicuum
1350 2185 1413 2220 est,
1432 2183 1513 2224 quod

202 2240 419 2281 mythologiam
442 2241 543 2274 ovidii
565 2250 648 2274 more
665 2241 847 2282 ubicumque
864 2243 965 2283 potest
986 2242 1031 2281 (in
1049 2241 1340 2282 Metamorphosibus
1351 2242 1383 2275 id
1393 2243 1470 2276 bene
1480 2252 1515 2276 se

202 2299 306 2340 habet)
319 2299 457 2332 inseruit.
468 2300 672 2341 Mythologiae
682 2300 764 2333 enim
776 2300 944 2333 doctrinam
955 2301 1051 2333 multo
1062 2300 1160 2341 magis
1168 2300 1309 2332 Valerius
1316 2300 1411 2333 iacnt
1421 2310 1514 2343 quam

203 2357 428 2390 Alexandrinus
448 2359 546 2399 poeta.
565 2358 616 2391 Ad
632 2358 664 2390 id
674 2358 814 2399 pluribus
825 2358 925 2390 verbis
935 2358 1199 2390 demonstrandum
1210 2359 1326 2391 occasio
1336 2368 1398 2391 non
1409 2359 1513 2393 deerit.
