1874 2826
822 282 893 318 109

206 387 336 426 Medea
356 388 507 425 ancillas
520 388 688 425 celeriter
702 389 824 426 mulos
836 389 986 434 iungere
999 389 1122 426 currui
1135 389 1175 424 et
1187 387 1456 424 medicamento
1473 387 1507 433 l)

208 456 304 493 clam
336 465 384 493 ex
416 465 501 492 arca
526 459 676 501 sumpto
701 457 913 493 conscendit
938 456 1112 500 rhedam,
1151 456 1334 499 vectaque
1359 459 1421 490 est
1443 463 1509 497 per

207 523 352 569 urbem,
378 523 520 561 ancillis
543 523 684 560 circum
703 533 852 561 currum
872 523 1039 560 celeriter
1062 510 1331 568 sequentibus(
1344 521 1418 559 872
1431 530 1507 567 seq.

393 624 396 633 Ι
863 587 901 621 αἱ
924 586 961 620 δὲ
986 585 1025 626 δὴ
1050 585 1156 621 ἄλλαι
1466 600 1468 602 ·

379 648 592 693 ἀμφίπολοι,
619 647 786 693 πείρινθος
810 647 1051 693 ἐφαπτόμεναι
1074 648 1302 696 μετόπισθεν,

379 712 513 757 τρώχων
539 713 664 756 εὐρεῖαν
688 711 949 754 κατ-’ἀμαξιτόν
975 713 1015 747 ἄν
1040 713 1077 747 δὲ
1102 715 1250 756 χιτῶνας

286 821 292 823 ¹
312 821 325 825 v*
379 774 589 816 λεπταλέους
614 779 732 816 λευκῆς
757 774 963 818 ἐπιγουνίδος
987 773 1090 820 ἄχρις
1116 774 1230 821 ἄειρον.

197 829 204 835 ”
257 840 400 878 Versus
430 843 643 886 postremus
665 840 774 886 plane
799 842 838 877 et
864 839 1018 877 dilucide
1043 840 1257 883 discrimen,
1291 842 1385 886 quod
1408 841 1508 878 inter

208 908 445 943 Homericam
481 908 662 943 rationem
699 909 739 942 et
776 907 876 942 inter
912 907 1192 952 Apollonianam
1230 910 1309 953 est,
1349 891 1505 944 indicat:

208 976 394 1013 Homerus
418 975 578 1012 nondum
607 977 799 1021 tantopere
824 975 871 1011 ad
899 975 1098 1012 veritatem
1123 978 1278 1013 naturae
1304 976 1507 1013 describere

210 1044 344 1088 potuit.
381 1043 537 1080 Utinam
573 1045 740 1080 homines
777 1045 913 1080 aetatis
948 1044 1221 1080 Alexandrinae
1253 1044 1510 1088 cognovissent

210 1112 348 1148 colores
373 1114 413 1147 et
436 1111 558 1148 oleum
582 1111 739 1147 miscere
761 1114 801 1148 et
821 1111 1042 1165 habuissent
1063 1112 1187 1148 omnia
1199 1111 1374 1147 utensilia
1385 1120 1509 1147 neces-

211 1181 309 1216 saria
332 1180 379 1216 ad
402 1179 639 1225 pingendum,
661 1179 790 1215 Graeci
811 1180 970 1224 pictores
982 1188 1126 1224 quoque
1140 1179 1334 1224 (imagines
1346 1179 1509 1216 virorum

212 1251 253 1284 et
276 1248 472 1284 mulierum
496 1247 691 1284 nonnullae
711 1248 750 1283 in
768 1247 941 1293 Aegypto
960 1247 1135 1283 inventae
1151 1248 1190 1283 in
1203 1247 1509 1293 sarcophagorum

212 1316 390 1361 operculis
422 1316 499 1352 iam
525 1325 672 1353 summa
698 1316 927 1362 praestantia
952 1318 1053 1357 sunt)
1078 1316 1235 1352 eundem
1260 1316 1508 1361 principatum

212 1385 478 1429 obtinuissent,
501 1393 613 1428 quem
625 1386 773 1429 poetae,
798 1384 1005 1429 architecti,
1026 1384 1247 1429 sculptores,
1262 1384 1506 1429 legislatores,

211 1451 416 1497 philosophi
435 1460 595 1496 quoque,
620 1451 682 1496 qui
699 1451 862 1496 physicis
875 1450 1008 1487 studiis
1020 1452 1203 1495 imprimis
1215 1461 1363 1497 operam
1374 1461 1510 1488 navan-

212 1522 273 1556 tes
293 1519 429 1565 ingenii
448 1520 616 1556 acumine
641 1521 680 1555 et
704 1528 797 1556 sana
811 1522 937 1556 mente
950 1519 1106 1563 Graeca,
1129 1519 1258 1556 deinde
1271 1503 1510 1556 meditatione

213 1590 254 1623 et
278 1588 474 1623 observata
497 1589 649 1628 natura,
674 1586 852 1631 physicas
876 1587 1040 1622 rationes
1065 1589 1103 1622 et
1128 1590 1283 1623 naturae
1307 1588 1407 1632 leges
1431 1589 1512 1623 tam

213 1651 310 1690 fixas
334 1656 373 1690 et
398 1656 478 1690 tam
502 1654 677 1690 immotas
702 1655 937 1699 statuerunt,
969 1655 1013 1690 ut
1038 1654 1181 1700 physici
1201 1656 1350 1691 nostrae
1374 1655 1513 1691 aetatis

213 1722 388 1767 ampliore
410 1722 600 1767 disciplina
624 1724 664 1758 et
690 1722 900 1758 melioribus
923 1722 1187 1758 instrumentis
1208 1722 1267 1758 usi
1286 1724 1436 1759 tantum
1449 1731 1513 1758 eas

214 1789 400 1826 affirmare
424 1791 612 1835 potuerint
633 1790 681 1836 2).

265 1857 386 1901 Quum
416 1860 524 1894 extra
556 1860 686 1894 urbem
709 1861 979 1903 pervenerunt,
1014 1859 1143 1895 Medea
1166 1860 1333 1895 celeriter
1358 1869 1381 1895 a
1404 1868 1512 1895 curru

215 1925 406 1963 descendit
430 1928 470 1963 et
495 1926 620 1963 callide
645 1935 780 1971 magna
804 1925 1016 1971 prudentia,
1042 1928 1160 1972 primo
1181 1928 1315 1964 timore
1327 1927 1511 1968 simulato,

216 1994 347 2030 deinde
379 1995 476 2032 laeto
508 1994 674 2040 adloquio
706 1994 815 2042 (quae
848 1996 971 2032 omnia
1003 1996 1201 2033 admodum
1226 1998 1315 2033 sunt
1340 1996 1511 2041 virginis,

217 2071 311 2106 quae
341 2064 557 2109 ambagibus
589 2064 773 2101 nonnullis
805 2066 845 2101 et
877 2064 983 2110 longo
1018 2065 1165 2101 exordio
1190 2074 1258 2101 usa
1283 2065 1410 2101 amicis
1435 2074 1511 2109 per-

260 2147 296 2191 1)
317 2149 429 2182 Fusius
451 2150 635 2191 descriptum
656 2152 703 2183 est
725 2149 910 2190 844—867,
931 2151 984 2183 ubi
1003 2154 1109 2184 nar-rat
1126 2154 1214 2193 poem
1232 2161 1334 2185 cruore
1344 2152 1515 2185 Promethei

214 2203 248 2235 in
270 2203 403 2236 Caucaso
424 2205 525 2237 monte
545 2204 683 2237 adstricti
704 2204 845 2242 herbam,
877 2214 938 2246 qua
960 2205 1144 2239 medicamen
1165 2206 1300 2247 paravit,
1322 2206 1515 2239 succrevisse.

260 2255 296 2300 2)
319 2256 364 2289 ef.
386 2257 644 2299 ingeniosissimos
666 2258 835 2291 atomisms.
859 2258 1009 2300 Inspicias
1030 2260 1144 2301 passim
1163 2268 1237 2301 opus
1254 2259 1419 2292 doctissimi
1438 2259 1516 2292 Iohn

215 2311 337 2343 Messon
360 2310 425 2352 (the
445 2311 556 2345 atomio
576 2312 681 2353 theory
703 2312 738 2345 of
755 2312 916 2345 Lucretius
938 2313 1108 2346 contrasted
1129 2313 1203 2345 with
1223 2312 1345 2346 modern
1366 2313 1516 2346 doctrines

217 2364 251 2396 of
269 2366 366 2397 atoms
387 2365 448 2397 and
469 2365 645 2406 evolution).
694 2402 695 2405 Ἴ
