1874 2826
892 253 915 288 8

253 368 346 404 quas
370 359 558 395 Homerus
582 359 620 395 in
645 358 740 394 freto
766 358 886 395 Siculo
908 358 1133 405 conlocavit,
1155 359 1251 404 quod
1273 359 1380 403 paulo
1400 360 1495 397 inira
1514 361 1561 398 de

255 427 380 472 Scylla
414 428 453 463 et
486 426 668 472 Charybdi
706 429 842 462 narrat.
882 426 1125 472 Inspiciamus
1163 427 1283 472 primo
1316 426 1470 464 Iliadem
1498 429 1561 465 ubi

254 498 382 532 narrat
417 495 604 531 Homerus
628 494 718 531 VII:
733 495 805 532 467
839 503 916 540 seq.
951 494 1069 531 filium
1101 494 1245 532 Iasonis
1270 497 1310 531 et
1333 494 1562 542 Hypsipyles

256 562 426 599 Euneum
464 572 581 599 naves
619 563 746 608 plures
778 563 917 599 Lemno
954 563 1104 600 misisse
1129 564 1176 599 ad
1209 564 1502 608 Agamemnonis
1522 566 1562 600 et

255 630 411 667 Menelai
436 630 643 667 exercitum
655 642 665 675 ;
692 630 816 666 Iliadis
840 629 957 676 XXI,
983 630 1131 667 40—43
1155 630 1386 676 Lycaonem,
1409 630 1561 667 Laome-

256 699 380 735 dontis
417 699 534 734 filium
571 699 766 734 venditum
805 707 887 734 esse
924 698 976 733 illi
1014 698 1160 740 Euneo,
1198 699 1260 743 qui
1293 699 1327 734 ei
1351 699 1561 735 libertatem

252 765 448 801 reddiderit
480 765 520 802 Il.
547 765 679 801 XXIII
705 765 777 801 740
811 767 850 801 et
862 764 955 807 ¹746,
987 765 1159 802 Euneum
1190 766 1352 811 pretium
1377 767 1562 811 accepisse

258 843 499 879 permagnam
524 837 706 870 crateram
733 837 960 878 argenteam.
987 833 1128 878 Quibus
1149 836 1302 880 apparet
1325 835 1564 880 Argonautas

257 902 293 937 in
325 902 447 938 insula
481 902 622 938 Lemno
654 901 880 946 aliquamdiu
907 903 1071 937 moratos
1096 911 1180 938 esse
1205 911 1425 947 cursumque
1450 912 1560 939 suum

256 970 398 1006 rexisse
427 956 615 1006 Orientem
646 979 789 1005 versus.

305 1038 437 1074 Totius
462 1038 648 1083 Odysseae
673 1037 768 1072 ratio
789 1037 946 1081 impedit
959 1037 1157 1081 quominus
1170 1037 1362 1073 credamus
1375 1038 1511 1074 Ulixen
1524 1038 1563 1074 et

257 1106 425 1150 regiones
442 1105 684 1140 occidentales
697 1104 834 1140 adiisse
848 1105 887 1140 et
900 1103 1028 1140 Circen
1042 1105 1111 1140 sub
1124 1104 1210 1140 solis
1222 1106 1306 1140 ortu
1319 1105 1560 1143 habitantem.

258 1171 352 1216 Quia
375 1173 503 1208 autem
524 1172 827 1216 Argonautarum
849 1172 921 1208 iter
942 1173 1031 1208 ante
1047 1172 1285 1208 Homericam
1305 1174 1470 1209 aetatem
1483 1183 1562 1219 per-

260 1240 421 1284 crebuit,
449 1249 521 1275 non
543 1239 622 1275 fieri
643 1240 767 1284 potuit
792 1240 881 1283 quin
906 1240 1042 1285 multa,
1056 1249 1150 1284 quae
1163 1239 1209 1275 ad
1221 1239 1473 1284 Argonautica
1486 1250 1563 1285 per-

259 1309 421 1353 tineant,
443 1308 482 1344 in
504 1307 647 1353 epicam
667 1308 712 1343 de
735 1307 858 1343 Ulixis
878 1307 1000 1344 reditu
1017 1307 1266 1344 narrationem
1279 1307 1462 1344 translata
1474 1308 1562 1344 sint.

260 1377 298 1414 C.
326 1376 366 1413 Ο.
392 1376 521 1412 Miiller
552 1384 699 1420 quoque
734 1375 914 1421 (Orchom.
941 1376 1031 1419 273,
1059 1374 1145 1422 274)
1166 1376 1330 1412 affirmat
1355 1376 1562 1413 Homerum

260 1446 432 1482 Planctas
444 1447 484 1481 et
492 1444 564 1480 alia
574 1443 633 1490 (ut
643 1445 688 1479 de
702 1444 843 1480 duabus
856 1444 1030 1480 veneficis
1042 1444 1177 1489 quibus
1186 1444 1286 1480 Circe
1300 1454 1434 1480 nomen
1443 1445 1516 1491 est)
1525 1445 1563 1481 in

260 1513 497 1550 occidentalia
511 1512 627 1548 maria
641 1512 925 1556 transposuisse.
945 1512 999 1549 Illi
1012 1521 1115 1547 mora
1128 1512 1166 1547 in
1179 1512 1301 1548 insula
1314 1512 1454 1548 Lemno
1466 1513 1564 1548 facta

260 1590 438 1625 magnum
463 1580 725 1624 argumentum
747 1581 806 1615 est
831 1580 1068 1624 Argonautas
1095 1579 1261 1624 regiones
1287 1580 1386 1615 inter
1410 1579 1566 1625 Septen-

259 1649 401 1685 triones
426 1651 465 1684 et
489 1647 680 1683 Orientem
701 1646 822 1683 Solem
848 1647 942 1683 sitas
967 1647 1131 1692 petiisse.
1159 1646 1212 1683 De
1237 1647 1359 1683 reditu
1371 1647 1512 1683 Iasonis
1525 1651 1564 1683 et

260 1717 442 1752 sociorum
463 1715 649 1750 Homerus
662 1723 708 1749 ne
721 1724 793 1750 uno
806 1715 953 1758 quidem
967 1717 1080 1750 verbo
1093 1716 1321 1751 mentionem
1334 1715 1424 1750 facit
1436 1724 1504 1750 nec
1516 1724 1563 1751 ex

260 1784 425 1829 Odyssea
447 1782 604 1817 scrutari
625 1791 842 1827 possumus,
857 1792 930 1826 qua
941 1783 1179 1827 Argonautas
1192 1783 1346 1819 rediisse
1355 1783 1506 1819 finxerit
1518 1782 1563 1829 1).

306 1850 528 1896 Negandum
564 1850 677 1894 igitur
710 1851 768 1885 est
804 1851 1040 1895 Argonautas
1076 1851 1279 1887 secundum
1306 1851 1565 1895 antiquissima

259 1919 476 1956 testimonia
501 1920 653 1954 tantum
679 1918 795 1954 maria
821 1918 1011 1964 Tyrrhena
1036 1922 1076 1955 et
1088 1919 1210 1956 Sicula
1224 1919 1449 1965 explorasse.
1464 1918 1565 1955 Mare

304 2008 337 2048 1)
360 2008 504 2040 Conferas
528 2016 648 2048 quoque
669 2006 793 2038 Hesiodi
814 2007 985 2048 fragmenta
1008 2008 1068 2047 (ed.
1092 2008 1248 2048 Goettling
1269 2007 1368 2047 1843)
1382 2007 1434 2046 62,
1448 2007 1502 2048 84,
1514 2006 1567 2039 85.

260 2067 357 2100 Schol.
370 2067 474 2107 Apoll.
486 2066 584 2098 Rhod·
597 2065 644 2097 IV
666 2076 674 2097 :
700 2064 774 2097 284.
797 2066 923 2099 Ἠσίοδος
942 2066 971 2095 δέ
991 2071 1059 2103 <pnes
1080 2066 1127 2095 διὰ
1136 2066 1255 2102 Φάσιδος
1264 2066 1368 2099 αὐτοῦς
1376 2067 1455 2102 (τοῦς
1472 2067 1573 2102 Ἀργο-

254 2127 367 2162 νοιύτας)
386 2126 591 2163 πεπλευκέναι,
615 2124 726 2165 fragm.
751 2123 793 2156 86
816 2124 914 2156 Schol.
936 2124 1038 2165 Apoll.
1060 2124 1157 2156 Rhod·
1170 2123 1313 2156 IV:259
1336 2122 1464 2157 ‘Ha-{0304-
1483 2124 1514 2153 δὶ
1523 2124 1572 2153 καῖ

255 2181 387 2216 Πίνδαρος
409 2181 438 2209 ἐν
464 2182 645 2213 Πυθιονίκης
663 2181 714 2208 καὶ
737 2180 912 2214 Ἀντίμαχος
931 2180 959 2207 ἐν
978 2180 1057 2216 Λυδῇ
1078 2180 1124 2207 διὰ
1143 2182 1196 2207 τοῦ
1214 2180 1352 2206 Ὠκεανοῦ
1373 2183 1459 2213 φασιν
1478 2179 1572 2206 ἐλθεῖν

255 2232 357 2264 αὐτοῦς
385 2234 465 2267 (τοῦς
493 2232 700 2268 Ἀργοναύτας)
729 2231 768 2263 εἷς
792 2230 900 2265 Λιβύην
918 2231 965 2258 καὶ
985 2232 1190 2265 flues-douvra:
1212 2231 1262 2263 τῆν
1280 2230 1375 2266 Ἀργὼ
1395 2231 1433 2262 εἷς
1452 2231 1485 2258 τὸ
1505 2229 1570 2264 ἦμέ-

255 2293 331 2318 τερον
350 2284 476 2318 πέλαγος
494 2284 639 2318 γενέσθαι.

303 2338 334 2368 et
354 2338 507 2377 praeterea
529 2348 537 2368 :
561 2336 672 2377 fragm.
696 2336 748 2374 87,
773 2335 827 2377 88,
852 2335 903 2374 91,
930 2335 1014 2376 111„
1040 2336 1113 2368 115.
