1874 2826
929 291 977 327 86

301 396 359 432 Ne
396 397 501 442 epica
536 398 684 442 quidem
720 397 862 433 ratione
899 396 1072 433 Valerius
1109 406 1201 433 usus
1234 399 1294 433 est
1325 397 1364 434 in
1402 398 1470 435 hoc
1495 398 1605 440 libro,

301 466 366 502 ubi
409 466 557 503 induxit
601 466 700 502 viros
745 465 891 510 ignotos
936 466 1147 510 pugnantes
1184 466 1223 502 in
1260 466 1409 511 hostes,
1447 476 1605 511 quorum

302 533 454 570 nomina
498 534 574 570 sola
618 533 848 575 audivimus,
894 542 1014 578 neque
1058 532 1170 569 duces
1219 542 1363 579 pugnas
1400 533 1606 579 singulares

301 600 436 637 fecisse
468 601 596 642 finxit,
630 601 727 645 quod
760 603 888 638 tamen
920 601 1066 646 epicum
1099 603 1202 637 esset
1227 603 1267 637 et
1290 601 1452 637 virtutes
1476 609 1605 637 eorum

301 669 344 704 et
368 668 554 713 postulata
578 668 679 705 iusta
702 668 761 705 vel
785 668 908 714 aliqua
931 668 1153 706 auctoritate
1177 668 1343 713 praedita
1366 667 1602 705 ostendisset.

301 735 533 780 Quamquam
569 736 740 782 Juppioer
776 744 905 773 severe
942 737 1066 773 vetuit
1102 737 1241 773 Persen
1272 736 1408 782 proelio
1440 736 1604 776 devinci,

301 805 387 848 post
423 803 543 848 prima
580 803 773 840 conamina
810 803 943 840 Martis
978 803 1121 840 nullum
1160 804 1312 841 deorum
1349 803 1604 840 interventum

301 871 477 916 legimus,
524 874 568 908 ut
612 872 726 908 duces
771 872 959 918 pugnandi
1003 872 1132 909 ardore
1177 872 1399 909 inflammati
1444 871 1604 908 nimium

309 940 494 984 impetum
530 942 663 985 regant
695 940 754 977 vel
787 940 992 977 cohibeant.
1031 940 1107 977 Sua
1132 941 1264 987 sponte
1289 948 1363 977 non
1387 939 1513 977 divina
1537 948 1605 986 ope

299 1011 512 1053 pugnantes
535 1009 634 1046 Iovis
658 1010 772 1046 iussis
797 1010 1070 1055 obsequuntur!
1099 1010 1254 1046 1—426.

349 1076 459 1122 Iuno,
486 1077 612 1122 regina
636 1077 809 1124 deorum,
834 1077 967 1114 videns
993 1079 1088 1115 hanc
1113 1087 1186 1115 non
1211 1087 1293 1115 esse
1319 1078 1459 1115 iustam
1483 1077 1602 1122 viam,

299 1155 376 1189 qua
420 1145 528 1181 Iason
565 1146 682 1182 vellus
719 1155 875 1182 aureum
914 1146 1157 1191 adipiscatur.
1180 1148 1419 1193 „extremam
1455 1146 1606 1181 molitur

301 1222 427 1258 opem,
459 1213 609 1251 funesta
641 1214 858 1260 priusquam
891 1215 1043 1252 consilia
1067 1224 1110 1251 ac
1135 1223 1267 1251 saevas
1290 1214 1411 1259 aperit
1434 1222 1502 1251 rex
1526 1223 1605 1259 per-

300 1282 398 1318 fidus
422 1282 535 1318 iraS.’'
561 1265 653 1319 Iuno
677 1285 766 1319 ante
787 1283 887 1319 diem
908 1292 1064 1328 magnos
1083 1282 1224 1318 Iasonis
1244 1282 1387 1318 labores
1406 1281 1604 1326 providens

299 1349 339 1385 in
377 1349 522 1391 Medea,
560 1359 633 1395 qua
666 1350 767 1387 nulla
800 1350 987 1395 potentior
1021 1352 1082 1387 est
1106 1349 1296 1387 nocturnis
1321 1348 1414 1394 aris,
1454 1352 1604 1385 omnem
1677 1372 1680 1374 v

300 1427 407 1464 spem
432 1420 473 1455 et
497 1418 680 1456 sociorum
704 1419 867 1456 salutem
891 1419 1007 1464 ponit.
1032 1418 1167 1455 Mirum
1186 1421 1247 1455 est
1267 1418 1364 1463 quod
1384 1420 1494 1464 poeta
1514 1417 1605 1455 dicit

299 1486 516 1530 virginitate
539 1486 710 1522 Medeam
735 1486 972 1523 tremendam
995 1495 1077 1523 esse
1104 1485 1191 1533 (449
1217 1486 1309 1532 seq).

461 1563 546 1599 ergo
571 1555 702 1599 opibus
729 1555 884 1599 magicis
909 1556 948 1590 et
972 1554 1187 1599 virginitate
1212 1554 1446 1591 tremendam

462 1621 553 1657 Iuno
576 1622 661 1658 duci
686 1623 825 1658 sociam
850 1622 1067 1668 coniungere
1091 1622 1237 1668 quaerit
1260 1622 1424 1667 Achivo‚

298 1699 389 1726 cum
425 1688 461 1724 V
488 1700 498 1724 ε
525 1690 595 1725 257
636 1689 902 1735 audiverimuS,
939 1690 1045 1735 plena
1076 1690 1235 1727 necdum
1259 1689 1428 1726 Medeam
1450 1689 1605 1726 iuventa

300 1757 415 1793 adnui
433 1758 617 1793 thalamis
637 1757 774 1794 Albani
794 1757 976 1802 virginem
996 1759 1158 1804 tyranni.
1184 1758 1239 1795 At
1251 1757 1343 1795 Iuno
1355 1767 1484 1794 secum
1496 1756 1603 1794 dicit:

304 1825 421 1873 „Quid
446 1826 478 1862 si
503 1834 635 1862 caecus
659 1835 765 1862 amor
790 1835 996 1871 saevusque
1021 1826 1220 1863 accesserit
1239 1826 1337 1871 ignis
1345 1826 1387 1862 ?''
1413 1828 1453 1862 et
1473 1835 1514 1862 se
1527 1834 1605 1862 con-

299 1894 374 1930 fert
397 1893 445 1930 ad
471 1892 670 1929 Venerem.
715 1892 816 1937 Quae
839 1892 976 1930 Iunone
1000 1893 1083 1930 visa
1107 1892 1250 1939 prosilit
1274 1892 1363 1929 altis
1387 1893 1480 1929 toris
1505 1892 1605 1930 volu-

298 1971 478 2007 crumque
502 1961 692 1998 exercitus
717 1962 910 1997 Amorum.
943 1960 997 1997 De
1022 1971 1110 1997 vera
1134 1970 1247 1998 causa
1270 1961 1457 1997 Venerem
1480 1961 1605 1997 celans

299 2031 347 2067 ab
384 2039 429 2067 ea
465 2030 563 2075 petit
601 2029 674 2065 465
713 2037 789 2073 seq,
829 2024 1012 2074 „artificis
1036 2029 1169 2066 blanda
1192 2028 1443 2075 adspiramina
1466 2028 1606 2066 formae

300 2101 526 2143 ornatusque
550 2098 663 2145 (tuos)
689 2100 790 2134 terra
813 2098 984 2142 caeloque
1009 2097 1216 2143 potentes?

348 2165 479 2203 Venus
503 2166 606 2203 dolos
632 2165 752 2202 sentit
775 2166 851 2202 iam
876 2165 1019 2211 pridem
1044 2167 1218 2211 spectans
1238 2165 1433 2203 interitum
1444 2165 1605 2212 Aeetae,

300 2234 365 2270 filii
389 2234 502 2276 Solis,
527 2236 591 2280 qui
616 2235 841 2271 adulterium
866 2243 977 2270 suum
1000 2243 1086 2270 cum
1111 2234 1230 2271 Marte
1253 2234 1410 2279 aperuit.
1436 2234 1491 2270 At
1514 2235 1606 2271 Iuno

300 2302 457 2348 cingulis
477 2303 640 2348 acceptis
660 2302 760 2339 laeta
771 2301 929 2338 formam
943 2301 1155 2347 Chalciopes
1166 2302 1316 2339 Medeae
1328 2302 1463 2339 sororis
1476 2302 1607 2339 induta

303 2369 484 2416 virginem
509 2370 694 2407 infelicem
719 2371 759 2406 et
783 2368 950 2406 nesciam
975 2369 1062 2406 mali
1087 2369 1251 2408 adoritur
1275 2368 1509 2417 (492—494).
