1874 2826
308 765 480 813 ΑροΙΙοπΙΙ
506 764 628 804 Rhodi!
653 764 916 812 Αηωιυῒίοοη
942 764 1058 804 ΙτΩὸΙ
1083 765 1129 803 ad
1153 764 1257 804 finem
1284 766 1322 805 ot

375 835 378 838 '
579 831 668 871 libor
698 832 738 871 ΙΙΙ
762 831 892 871 Valerii
917 831 1046 872 nacci.

214 941 332 979 Musis
354 941 537 978 invocatis
561 941 673 977 taetri
696 940 795 977 inter
819 940 1056 986 Argonautas
1079 943 1120 978 et
1144 941 1342 987 Cyzicenos
1365 943 1463 988 gesti

166 1010 250 1047 belli
281 1019 433 1046 causam
465 1009 587 1054 coepit
617 1017 799 1054 exponere
830 1008 1011 1045 ValeriuS.
1041 1008 1159 1044 Deam
1183 1010 1282 1045 enim
1306 1009 1465 1055 Cybelen

166 1077 369 1113 offenderat
397 1076 551 1122 Cyzicus
561 1104 575 1122 ‚,
597 1076 694 1121 quod
718 1076 870 1112 iuvenili
894 1076 1022 1112 ardore
1046 1075 1301 1113 inflammatus
1324 1077 1467 1114 leonem

166 1145 266 1181 Deae
291 1154 438 1181 sacrum
462 1144 579 1181 iaculo
603 1144 856 1180 transfixerat.
881 1143 1014 1188 Magna
1034 1143 1089 1180 ira
1110 1145 1272 1188 graviter
1283 1147 1473 1182 commota

167 1213 361 1249 interitum
396 1213 495 1257 regis
530 1213 686 1257 cogitat,
733 1212 847 1248 donec
884 1220 981 1248 nova
1017 1204 1114 1248 nave
1146 1212 1229 1248 visa
1268 1212 1469 1249 ulciscendi

167 1281 350 1317 rationem
373 1280 529 1316 invenit.
550 1280 628 1325 Quo
653 1280 761 1316 modo
780 1282 909 1316 autem
930 1279 991 1315 vel
1011 1289 1085 1324 qua
1104 1281 1293 1325 potestate
1306 1281 1469 1317 effecerit

167 1349 255 1394 dea,
291 1350 336 1384 ut
364 1347 491 1384 nautis
524 1356 653 1384 somno
677 1347 809 1392 sopitis
833 1347 934 1392 Argo
957 1346 1078 1383 redire
1101 1347 1140 1383 in
1164 1347 1288 1393 cyzici
1313 1357 1468 1394 regnum

167 1416 330 1462 potuerit
342 1415 380 1461 (3
393 1426 402 1450 :
416 1416 463 1451 39
472 1435 507 1440 -
514 1414 577 1461 42)
590 1414 762 1451 Valerius
774 1415 886 1451 tacet.
899 1414 1021 1451 Deum
1029 1415 1170 1451 Panem
1177 1416 1280 1452 iussa
1287 1416 1468 1453 ferentem

167 1483 384 1528 Mygdoniae
407 1482 540 1518 matris
564 1481 654 1529 (47),
679 1480 768 1528 (non
793 1490 883 1517 suae
908 1482 1042 1518 matris
1067 1482 1133 1518 sed
1153 1483 1286 1520 Matris
1303 1483 1468 1529 deorum)

168 1551 279 1587 finxit
326 1550 493 1587 Latinus.
544 1551 599 1586 At
635 1550 714 1586 Pan
751 1559 956 1594 numquam
994 1549 1111 1587 Gallis
1147 1551 1279 1587 Matris
1305 1551 1470 1588 -deorum

169 1620 351 1656 clamosae
375 1619 514 1656 cohorti
537 1618 601 1655 sed
625 1617 790 1664 Dionysii
816 1618 955 1663 satyris
980 1619 1021 1654 et
1045 1619 1221 1664 nymphis
1245 1619 1469 1665 adiungitur.

169 1688 309 1725 Deinde
333 1688 458 1724 minus
482 1689 581 1724 recte
604 1687 715 1723 deum
727 1688 795 1732 hoc
806 1687 883 1723 loco
894 1686 1053 1725 induxit.
1066 1687 1217 1724 Terrore
1230 1688 1342 1734 enim,
1357 1698 1470 1733 quem

169 1756 306 1792 inicere
341 1757 381 1792 et
413 1756 580 1792 hostibus
612 1758 653 1792 et
683 1756 858 1801 nymphis
896 1756 936 1791 et
967 1755 1188 1791 animalibus
1213 1756 1329 1802 solet,
1355 1757 1470 1793 efficit

171 1824 261 1870 Pan,
283 1825 328 1860 ut
352 1833 460 1860 caeco
484 1834 619 1869 angore
644 1824 790 1870 fugiant
813 1824 1007 1868 omniaque
1019 1825 1248 1869 postemant.
1274 1824 1318 1860 In
1331 1834 1471 1861 memo-

170 1893 264 1929 riam
297 1901 468 1929 revocare
501 1892 631 1938 liceat,
658 1902 751 1937 quas
775 1894 901 1937 partes
925 1891 1002 1927 Pan
1027 1891 1066 1927 in
1090 1873 1214 1936 pugna
1237 1884 1471 1929 Marathonia

172 1961 306 2006 egerit,
331 1970 417 1997 cum
437 1961 562 1997 subita
572 1961 654 1998 eius
665 1960 826 2006 imagine
838 1960 920 1996 visa
931 1960 1066 1996 Persae
1077 1960 1296 2005 praecipites
1308 1961 1470 1997 salutem

172 2028 258 2073 fuga
269 2029 481 2074 petiverint.
496 2028 635 2065 Statim
648 2028 892 2073 intelligimus
904 2028 972 2064 hoc
980 2027 1117 2064 Valerii
1125 2027 1201 2064 loco
1209 2028 1321 2064 deum
1329 2028 1470 2064 Panem

173 2097 331 2133 eundem
359 2106 443 2133 esse
467 2106 511 2133 ac
530 2105 680 2133 caecum
704 2096 890 2142 pugnandi
911 2096 1093 2142 furorem,
1116 2096 1179 2141 qui
1190 2096 1397 2133 contrarius
1409 2099 1470 2133 est

172 2165 321 2207 terrori,
355 2175 467 2210 quem
495 2165 630 2202 inicere
660 2165 774 2202 solet-z
799 2165 968 2201 versibus
994 2165 1139 2200 43—46
1165 2164 1245 2209 ipse
1270 2173 1310 2199 se
1335 2164 1471 2201 refellit

172 2234 292 2279 poeta.
327 2231 382 2269 De
414 2233 474 2269 his
506 2232 679 2269 omnibus
712 2232 809 2278 apud
843 2232 1079 2278 Apollonium
1105 2232 1196 2268 nihil
1219 2232 1407 2268 invenitur
1432 2235 1474 2269 et

170 2303 270 2338 recte
308 2301 468 2346 quidem.
505 2302 613 2338 Hanc
652 2302 771 2338 diram
808 2302 848 2337 et
884 2304 1077 2338 cruentam
1109 2309 1271 2345 pugnam
1307 2301 1346 2336 in
1378 2300 1473 2337 Fato

173 2379 279 2407 caeco
316 2372 356 2406 et
389 2369 599 2406 hominibus
624 2370 750 2407 invido
774 2370 918 2416 inesse,
944 2379 1016 2415 quo
1043 2378 1151 2414 saepe
1176 2369 1382 2415 perierunt,
1410 2370 1473 2414 qui
