1874 2826
921 249 970 285 99

300 351 388 388 fecit
411 353 507 399 quod
530 354 593 390 alii
616 354 713 391 docti
736 357 868 401 poetae
892 355 992 392 illius
1011 355 1192 401 temporis
1234 355 1298 399 qui
1317 354 1452 399 ingenii
1465 356 1600 401 poetici

300 419 426 458 ardore
459 421 630 460 destituti
667 432 786 469 nugas
823 424 1002 461 curabant
1032 423 1073 460 in
1104 425 1187 461 arte
1211 422 1388 467 metrica,
1412 422 1453 460 in
1477 424 1599 471 specie

300 488 458 532 quadam
481 493 522 526 et
545 500 679 536 pompa
703 491 868 537 dicendi,
886 492 924 528 in
949 492 1088 537 ignotis
1108 491 1368 537 mythologicis
1387 491 1598 528 nominibus

299 558 339 593 et
362 557 472 595 rebus
497 567 631 604 magno
655 559 780 597 studio
791 561 832 596 et
843 560 965 597 labore
976 559 1250 605 conquirendis,
1274 560 1313 596 in
1326 567 1454 597 amore
1465 559 1597 596 descri-

299 625 414 662 bendo
422 651 433 668 ‚
446 627 508 662 ubi
520 626 679 663 formam
690 629 731 663 et
741 627 1053 672 pulchritudinem
1065 628 1171 672 vagis
1186 627 1413 672 imaginibus
1425 629 1575 663 tantum
1586 655 1596 672 ‚

298 701 366 729 nec
392 693 507 731 animi
527 681 792 730 commotiones
812 694 1073 740 designabant,
1096 704 1194 731 vana
1205 695 1378 740 superbia
1391 695 1450 732 usi
1463 696 1504 731 et
1515 695 1597 732 odio

295 761 335 796 in
360 769 443 806 eos,
468 761 532 804 qui
555 769 629 797 non
649 761 781 797 iisdem
801 761 936 798 studiis
953 762 1130 798 favebant
1150 772 1269 807 neque
1281 763 1438 800 eandem
1450 766 1594 801 sectam

296 828 543 872 sequebantur
569 828 620 871 1),
651 828 776 873 Magni
799 831 861 865 est
885 830 1083 875 momenti,
1110 830 1206 875 quod
1231 832 1332 867 artes
1356 840 1430 868 non
1454 832 1531 868 iam
1553 832 1594 869 in

295 896 349 931 rei
373 895 537 940 publicae
561 896 756 942 honorem,
783 896 866 939 sed,
893 897 938 933 ut
958 897 1095 933 nostris
1115 898 1357 944 temporibuS,
1385 908 1454 935 sua
1472 900 1594 944 gratia

296 962 509 999 colebantur
533 962 591 1010 2),
617 963 714 1009 quod
737 963 943 1009 simplicem
967 964 1167 1001 veritatem
1190 965 1368 1010 augebat,
1394 975 1488 1010 quae
1511 976 1593 1012 pro-

296 1029 399 1075 prius
431 1033 492 1067 est
523 1033 667 1078 nostro,
700 1033 744 1069 ut
767 1032 941 1077 dicimus,
966 1032 1149 1069 realismo.
1187 1032 1317 1069 Vitam
1341 1034 1592 1077 quotidianam

295 1097 414 1144 plebis
425 1101 623 1143 quaestum
634 1099 805 1137 facientis
817 1101 997 1137 urbanam
1009 1103 1049 1138 et
1061 1100 1251 1142 rusticam,
1265 1100 1403 1137 multas
1420 1102 1595 1138 externas

295 1175 356 1203 res
379 1175 454 1203 non
476 1176 566 1204 sane
589 1168 714 1214 magni
740 1169 922 1206 momenti
942 1168 1008 1206 sed
1028 1178 1123 1214 quae
1135 1169 1319 1214 pictorum
1330 1169 1454 1206 oculos
1467 1172 1593 1206 tenere

297 1233 434 1280 solent,
459 1234 700 1272 eruditissimi
711 1236 827 1273 etiam
839 1238 971 1281 poetae
982 1263 992 1282 ‚
1004 1223 1049 1273 ut
1060 1235 1323 1279 Callimachus,
1337 1236 1595 1282 mythologicis

295 1304 526 1348 argumentis
550 1304 788 1341 inseruerunt
813 1303 864 1351 3).

344 1370 525 1412 Nonnulla
560 1373 751 1417 praeterea
787 1381 971 1417 exponere
1007 1371 1099 1408 mihi
1134 1372 1173 1408 in
1198 1371 1322 1408 animo
1347 1373 1408 1408 est
1432 1374 1476 1408 ut
1500 1372 1593 1409 bene

293 1439 520 1485 intelligatur
549 1440 643 1477 hanc
675 1440 714 1477 in
746 1439 1008 1486 Argonauticis
1041 1440 1188 1486 longam
1222 1439 1486 1486 digressionem
1519 1449 1593 1477 non

294 1507 419 1544 minus
443 1517 567 1545 rerum
591 1507 716 1546 ordine
740 1508 953 1555 exstitisse,
979 1518 1094 1554 quam
1118 1508 1262 1546 ratione
1287 1511 1328 1546 et
1351 1508 1475 1546 studio
1494 1508 1594 1546 illius

294 1576 656 1613 memorabilissimae
691 1577 838 1614 aetatis,
880 1576 1108 1622 Quamquam
1146 1577 1301 1615 florente
1339 1577 1455 1623 lyrica
1491 1578 1592 1623 poesi

291 1688 501 1721 amoenitatem
523 1688 688 1721 describere
709 1688 813 1722 solitos
834 1698 899 1722 esse
918 1690 949 1721 et
965 1690 1001 1722 ut
1011 1698 1047 1722 ex
1058 1689 1113 1725 iis,
1137 1689 1340 1730 quaepassim
1352 1689 1513 1731 proferam,
1532 1689 1594 1721 die-

291 1747 405 1779 crimen
437 1747 516 1780 inter
547 1747 743 1788 Apollonium
771 1749 803 1780 et
835 1747 1051 1780 Callimachum
1085 1747 1214 1788 perspici
1248 1747 1354 1788 possit.
1396 1748 1443 1780 De
1464 1757 1592 1788 quorum

291 1805 452 1838 inimicitia
474 1805 542 1838 vide
564 1805 660 1838 Couat
680 1805 867 1839 493-514.

337 1865 370 1905 1)
391 1864 438 1897 De
460 1864 508 1897 his
530 1864 669 1897 omnibus
690 1864 826 1906 exempla
846 1864 945 1897 mules
965 1864 1160 1897 inveniuntur
1181 1864 1214 1896 in
1236 1863 1414 1896 Callimachi
1432 1864 1539 1904 elegiis
1560 1866 1592 1897 et

291 1922 481 1964 fingmentis.

335 1981 370 2022 2)
393 1981 439 2014 Cf.
461 1981 571 2021 Couat,
593 1991 664 2023 pag.
686 1981 763 2016 516.

334 2039 370 2080 3)
393 2039 439 2072 cf.
472 2040 628 2081 Originem
656 2041 780 2074 Hermis
799 2041 832 2073 in
853 2041 1084 2074 Erathostbenis
1106 2040 1238 2072 carmine
1259 2038 1428 2078 «Hermo»,
1451 2039 1591 2072 Philotae

289 2097 477 2139 fragmenta,
499 2099 648 2132 Theocriti
669 2100 775 2141 idyllia
795 2099 945 2140 imprimis
966 2099 1034 2141 XV,
1056 2098 1232 2132 Callimachi
1254 2097 1408 2130 Palladem
1418 2097 1588 2137 lavantem,

289 2155 412 2189 Comam
429 2157 604 2198 Berenicis,
627 2157 771 2191 Hecalen.

332 2214 465 2257 Mahaffy
488 2215 569 2249 241:
591 2216 655 2249 But
676 2216 695 2248 Ι
715 2217 798 2249 must
819 2217 873 2249 not
893 2216 993 2258 forget
1009 2218 1041 2249 to
1062 2215 1195 2249 mention
1205 2214 1330 2248 another
1340 2214 1462 2247 curicus
1472 2214 1589 2248 feature

289 2274 322 2306 in
354 2275 440 2308 these
468 2284 589 2316 poema,
623 2275 720 2308 which
749 2275 777 2307 is
805 2276 858 2308 the
887 2275 972 2309 habit
1000 2276 1034 2308 of
1052 2275 1210 2315 sketching
1229 2273 1363 2307 realistic
1385 2282 1490 2306 scenos
1511 2273 1589 2306 from

289 2332 429 2374 ordinary
450 2333 513 2366 life.
