1874 2826
874 278 918 318 31

250 384 446 420 errantem.
480 383 523 420 In
553 385 717 422 Aeneide
746 372 897 423 Iunonis
930 386 1031 423 dolos
1054 385 1146 423 dolis
1171 387 1369 422 contexere
1393 385 1546 421 conatae

250 450 305 487 ira
327 450 376 488 in*
391 451 567 497 fugitivos
591 453 766 491 Troianos
790 455 856 491 vix
881 454 1039 491 destitit.
1525 488 1532 494 ,

294 517 482 564 Imprimis
501 521 869 559 animadvertendum
882 524 955 564 est,
966 521 1201 567 Neptunum,
1215 531 1301 558 cum
1315 531 1384 558 sua
1395 520 1545 566 plurimi

247 586 473 635 interfuerit,
509 591 636 626 utrum
673 590 767 626 fines
803 599 897 631 suos,
927 590 1111 628 intrarent
1142 589 1312 626 homines
1343 598 1478 631 necne,
1503 588 1544 631 in

248 654 398 692 deorum
429 658 597 694 contione
620 658 801 699 tacuisse,
825 658 930 702 quasi
955 658 1036 694 eius
1060 657 1242 693 rationem
1267 666 1340 693 non
1364 658 1544 693 haberent

247 722 319 761 alii.
354 723 538 761 Attamen
557 723 666 760 Iason
689 725 707 761 1
724 725 820 761 :194
844 733 931 761 eum
955 727 1143 770 precatur:
1172 734 1215 771 „0
1239 725 1303 770 qui
1328 725 1543 771 spumantia

246 794 343 828 nutu
376 801 490 837 regna
527 793 651 837 quatis
685 794 876 838 terrasque
913 793 990 829 salo
1027 793 1278 838 complecteris
1313 803 1462 838 omnes,
1494 794 1542 832 da

245 859 417 896 veniam’'
428 858 487 907 (cf.
506 859 592 906 214)
605 862 645 897 et
657 861 729 897 216
744 860 897 907 „Pallas‚
909 870 1008 897 nunc
1019 850 1142 906 patrui
1153 871 1252 898 nunc
1262 862 1370 898 flecte
1383 861 1540 901 minas’'.

246 927 350 963 Nave
374 928 500 962 autem
523 928 824 972 Argonautarum
847 928 932 963 visa
954 928 1110 972 Boreas,
1137 928 1538 975 ingentiirainoensus,

247 1003 316 1030 sua
346 995 479 1039 sponte
512 1004 580 1031 nec
608 1005 632 1031 a
655 995 738 1032 Sole
761 995 822 1031 vel
846 1005 869 1031 a
893 995 1067 1040 Neptuno
1092 995 1270 1032 incitatus
1294 993 1403 1042 (quae
1428 996 1541 1033 fuerit

246 1057 358 1098 causa
374 1071 440 1098 cur
458 1062 593 1099 Boreas
604 1063 880 1108 navigationem
893 1063 1077 1099 fastidiret
1086 1089 1095 1107 ,
1108 1063 1259 1098 tantum
1271 1063 1386 1099 conici
1397 1065 1540 1108 potest:

246 1129 371 1175 credo,
396 1130 490 1174 quod
516 1130 824 1176 septentrionales
835 1123 1004 1176 regiones
1015 1132 1150 1175 petunt
1162 1128 1426 1177 Argonautae.)
1440 1129 1478 1178 1¹)
1494 1130 1540 1166 ad

245 1199 355 1234 antra
389 1199 519 1235 Aeolia
554 1209 665 1244 prope
702 1199 936 1244 Tyrrhenum
961 1207 1063 1235 mare
1089 1208 1130 1235 se
1154 1198 1297 1235 confert
1322 1201 1364 1235 et
1382 1199 1542 1235 Aeolum

245 1264 480 1312 adhortatur,
510 1268 554 1303 ut
586 1268 720 1303 ventos
750 1267 932 1304 dimittat.
965 1266 1088 1303 Versu
1119 1266 1268 1311 quidem
1287 1266 1359 1303 597
1384 1266 1543 1312 legimus

248 1332 429 1378 „Boream
461 1334 634 1372 nuntium
645 1332 664 1347 ”
698 1334 872 1370 advenire
907 1334 972 1370 sed
1006 1335 1174 1371 versibus
1199 1335 1439 1379 sequentibus
1462 1344 1543 1380 cog·

244 1401 450 1447 noscimuS,
483 1411 569 1439 eum
603 1411 670 1439 suo
701 1401 849 1440 nomine
882 1402 981 1447 loqui
1006 1403 1092 1445 (598
1115 1402 1210 1448 vidi,
1235 1402 1306 1439 601
1332 1402 1443 1445 mihi,
1468 1402 1540 1439 602

245 1477 363 1512 eram,
400 1469 472 1506 605
508 1479 588 1515 me,
621 1473 747 1512 mea).‚
772 1469 871 1506 Dicit
894 1471 1027 1515 ingens
1051 1470 1255 1515 periculum
1279 1473 1319 1506 et
1342 1470 1542 1507 nefandum

245 1537 417 1572 conatum
454 1537 551 1582 apud
586 1537 803 1574 Thessalum
836 1537 927 1573 litus
958 1537 1112 1574 deorum
1146 1537 1300 1583 imperio
1336 1538 1541 1575 imminere.

292 1603 348 1639 At
380 1604 464 1640 vide
494 1605 630 1644 iterum
665 1594 704 1641 in
736 1606 804 1641 hac
841 1605 1083 1650 digressione,
1111 1605 1174 1642 ubi
1198 1605 1405 1650 Vergilium
1428 1616 1542 1651 quam

244 1671 523 1716 diligentissime
547 1673 717 1710 imitatus
746 1675 806 1709 est
835 1675 980 1717 noster,
1012 1682 1190 1718 magnum
1219 1673 1417 1710 discrimen
1445 1673 1542 1710 inter

244 1738 431 1776 Maronem
456 1742 496 1776 et
519 1740 700 1777 Flaccum.
725 1740 816 1777 Iuno
841 1741 962 1781 hieme
982 1739 1136 1783 terribili
1149 1740 1324 1778 Troianos
1335 1742 1541 1786 opprimere

244 1806 396 1850 cupiens
419 1808 551 1853 Aeolo,
577 1817 709 1853 magno
729 1810 925 1844 ventorum
936 1807 1117 1849 domitori,
1131 1808 1340 1853 persuadet,
1353 1811 1398 1845 ut
1409 1810 1541 1854 proce}-

243 1873 364 1911 larum
400 1876 438 1912 vi
472 1877 683 1913 submersas
715 1876 847 1922 puppis
878 1876 1019 1912 obruat.
1052 1875 1215 1921 Reginae
1251 1875 1405 1913 deorum
1441 1877 1540 1914 dicto

243 1942 397 1979 audiens
428 1944 568 1980 Aeolus
604 1953 734 1981 cavom
758 1952 934 1980 conversa
957 1943 1107 1988 cuspide
1135 1945 1313 1985 montem⁴
1327 1943 1477 1989 impulit
1499 1946 1538 1981 in

243 2010 344 2047 latus
380 2013 421 2048 et
457 2021 524 2048 suo
559 2012 665 2049 iussu
696 2011 835 2048 Eurum
862 2011 1072 2055 Notumque
1096 2012 1137 2046 et
1160 2010 1331 2047 Africum
1354 2011 1402 2047 ad
1421 2020 1539 2048 naves

244 2078 522 2124 confringendas
559 2080 674 2117 misit.
702 2080 813 2125 Apud
835 2079 1025 2116 Valerium
1056 2080 1184 2114 autem
1207 2077 1365 2122 legimus
1387 2078 1538 2115 consilio

243 2145 400 2189 Boreae,
425 2148 488 2192 qui
511 2158 535 2185 a
559 2148 658 2198 nullo
680 2148 805 2185 iussus
828 2147 893 2184 sed
914 2156 982 2183 sua
1003 2144 1385 2192 sponteadvenisset,
1410 2145 1538 2183 audito

285 2293 318 2334 1)
339 2290 396 2326 Sed
416 2291 477 2325 non
498 2295 562 2326 tam
582 2294 698 2327 Boreae
719 2294 796 2327 iram
819 2302 991 2335 permovere
1010 2293 1109 2333 potest
1130 2291 1206 2324 illud
1232 2291 1290 2324 iter
1312 2291 1398 2332 (quid
1417 2292 1500 2325 enim
1512 2293 1541 2325 ei

239 2351 377 2384 officiunt
397 2353 542 2390 nautaea)
564 2361 656 2393 quam
678 2352 756 2385 Solis
778 2353 809 2385 et
830 2351 981 2393 Neptuni,
1005 2350 1057 2392 qui
1081 2350 1159 2382 nihil
1182 2349 1242 2381 iam
1264 2349 1362 2382 faeere
1384 2349 1507 2383 audent.
