1874 2826
884 248 931 284 38

258 356 410 391 auctam
418 381 428 397 ,
453 355 684 391 describeret.
710 354 1096 391 Animadvertendum
1115 357 1175 391 est
1195 355 1417 394 Graecorum
1429 367 1561 395 sanam

260 425 428 460 mentem
448 423 699 460 necromantia
711 423 865 467 aliisque
877 423 989 459 rebus
1000 422 1145 459 arcanis
1157 423 1373 468 plerumque
1386 427 1560 463 caruisse.

259 490 383 527 Ulixis
404 491 503 526 enim
523 493 630 526 extra
652 490 827 526 Graeciae
840 490 985 535 proprie
997 490 1117 526 dictae
1130 491 1227 527 fines
1239 492 1366 536 vagati
1378 494 1561 531 erroribus

258 559 438 596 memoria
463 558 508 595 de
538 558 598 595 illo
629 558 768 595 tradita
793 557 965 595 adiunxit
991 556 1114 594 Circes
1139 559 1261 596 artem
1286 560 1480 605 magicam.
1505 562 1561 599 At
1614 581 1619 586 ·

258 629 298 665 in
333 628 559 673 regionibus,
587 637 746 672 quarum
771 626 896 673 populi
921 627 1084 663 barbaris
1111 631 1240 664 essent
1265 628 1476 666 intermixti
1499 631 1560 668 vel

257 698 304 733 ab
327 695 449 732 Ionica
474 697 515 731 et
540 695 671 732 Dorica
695 696 808 740 gente
829 695 956 731 minus
969 695 1147 740 originem
1159 696 1363 742 traherent,
1377 698 1559 743 imprimis

255 764 472 801 divinationi
508 763 559 799 illi
598 764 749 799 studere
788 763 957 800 solebant
994 763 1136 799 Graeci.
1175 763 1276 808 Quod
1309 764 1451 801 factum
1475 775 1559 801 esse

256 832 497 877 cognovimus
534 833 572 868 in
610 832 799 868 Thessalia
836 834 876 868 et
912 834 1018 876 parte
1068 831 1241 868 Graeciae
1278 834 1559 878 septentrionali

255 903 296 937 et
332 901 464 937 insulis
501 901 564 937 ubi
602 901 824 937 Kabirorum
862 903 903 936 et
927 900 1083 945 Orphica
1108 901 1289 945 mysteria
1316 902 1555 938 exstiterunt.

254 970 366 1015 Apud
391 970 578 1007 Romanos
602 971 749 1015 autem,
775 969 950 1014 populum
975 969 1311 1015 religiosissimum,
1338 971 1401 1015 qui
1414 971 1555 1017 omnia,

257 1047 352 1082 quae
388 1038 435 1074 ad
469 1038 611 1074 cultum
644 1039 796 1074 deorum
821 1038 1074 1083 pertinebant,
1101 1038 1294 1083 diligenter
1317 1040 1554 1085 observabat,

184 1123 186 1125 >
256 1107 400 1151 magica
436 1116 498 1142 ars
532 1109 571 1142 et
603 1116 759 1142 arcanus
784 1107 927 1142 Averni
951 1106 1052 1142 lacus
1078 1106 1173 1143 ritus
1197 1116 1331 1152 magno
1357 1108 1395 1143 in
1423 1108 1556 1145 honore

256 1176 339 1211 fuit.
365 1176 497 1210 Omnia
522 1176 662 1217 autem,
689 1184 783 1219 quae
808 1175 853 1210 de
878 1175 1028 1210 Medeae
1053 1175 1240 1210 veneficiis
1263 1177 1415 1211 narrata
1441 1177 1560 1221 sunt,

257 1243 363 1288 longe
389 1242 562 1278 differunt
595 1243 641 1278 ab
665 1242 748 1278 aliis
774 1242 917 1287 mythis
942 1244 982 1279 et
1007 1244 1065 1278 tot
1089 1242 1202 1278 variis
1227 1241 1378 1279 Graecis
1402 1243 1552 1289 fabulis,

256 1311 321 1347 sed
333 1311 371 1346 in
385 1310 575 1346 Thessalia
588 1309 622 1355 1)
636 1310 819 1354 propriam
829 1309 957 1345 sedem
966 1309 1100 1345 habere
1109 1310 1294 1346 videntur.
1308 1310 1388 1346 Hoc
1396 1310 1555 1346 Aesonis

254 1382 294 1416 et
313 1378 526 1415 Alcimedes
555 1379 699 1423 magico
731 1379 807 1414 ritu
840 1379 1030 1418 enarrato,
1065 1379 1192 1414 noster
1221 1379 1261 1413 et
1285 1378 1495 1414 Thessalica
1520 1378 1554 1424 2)

253 1447 433 1491 quaedam
458 1446 615 1482 inseruit
640 1448 680 1482 et
705 1456 799 1490 quae
824 1446 1021 1491 aptissima
1045 1448 1152 1481 erant
1175 1446 1222 1481 ad
1248 1446 1435 1482 Romanas
1446 1455 1555 1482 aures

253 1514 478 1550 mulcendas.
515 1514 586 1549 Sed
619 1514 657 1549 in
695 1513 843 1549 Valerio
879 1513 1005 1548 minus
1042 1513 1212 1557 approbo,
1253 1513 1349 1557 quod
1374 1522 1439 1557 pro
1464 1522 1554 1549 suae

253 1583 391 1619 aetatis
403 1582 549 1627 ingenio
562 1584 601 1618 et
614 1583 777 1618 moribus
786 1583 946 1618 mortem
956 1581 1202 1617 voluntariam
1211 1580 1354 1617 Iasonis
1362 1584 1555 1626 parentem

252 1651 473 1696 praetulisse
498 1651 663 1686 narravit
688 1653 727 1686 et
752 1650 848 1694 quod
868 1650 906 1685 in
928 1649 1105 1686 maximis
1117 1649 1277 1685 Aesonis
1290 1649 1407 1686 hortis
1420 1650 1554 1686 descri-

252 1719 381 1755 bendis
406 1718 721 1764 magnificentiam
746 1721 785 1755 et
806 1718 937 1754 luxum
950 1717 987 1763 3)
1000 1717 1108 1754 villae
1121 1718 1309 1753 Romanae
1323 1718 1553 1754 suburbanae

252 1786 467 1832 descripsit,
505 1796 599 1831 quae
635 1796 657 1821 a
689 1786 771 1822 rudi
800 1786 948 1822 vivendi
985 1786 1128 1822 ratione
1161 1785 1339 1830 temporis
1363 1786 1551 1828 abhorret,

250 1864 325 1898 quo
357 1855 477 1898 prima
511 1855 682 1889 omnibus
706 1854 922 1889 necessariis
946 1854 1057 1889 rebus
1082 1854 1212 1888 ornata
1236 1853 1344 1889 navis
1365 1854 1553 1890 maritima

251 1931 369 1967 nuper
393 1921 556 1967 profecta
580 1924 671 1958 erat.

299 1990 418 2025 Parvo
449 1991 611 2026 Aesonis
637 1990 723 2040 ‘filio
760 2000 782 2025 a
817 1990 914 2034 regis
948 1988 1169 2025 satellitibus
1202 1989 1414 2034 interfecto,
1439 1998 1552 2033 quem

294 2107 326 2147 1)
349 2108 381 2140 in
403 2108 529 2140 Boeotia
551 2118 671 2149 quoque
693 2110 724 2140 et
748 2107 894 2140 Corinthi.
917 2107 957 2140 cf.
979 2106 1049 2139 adn.
1073 2107 1093 2138 2
1116 2116 1187 2148 pag.
1210 2106 1240 2139 4.

292 2166 326 2206 2)
349 2167 417 2198 Val.
436 2167 542 2199 Flam.
567 2167 614 2198 VI
637 2178 644 2198 :
667 2165 732 2198 447
757 2168 788 2198 et
809 2165 885 2197 448.

293 2223 326 2264 3)
360 2225 551 2265 Quamquam
584 2224 726 2257 Valerius
759 2224 792 2256 in
825 2223 1024 2264 descriptione
1057 2223 1219 2255 admodum
1253 2223 1340 2263 vagis
1368 2224 1399 2255 et
1429 2223 1552 2257 incertis

248 2278 368 2323 indiciis
390 2279 502 2317 utitur,
527 2287 651 2310 necesse
673 2279 721 2309 est
743 2277 953 2316 intelligamus
975 2277 1050 2308 haec
1073 2276 1174 2308 omnia
1196 2276 1262 2308 fieri
1284 2276 1317 2307 in
1328 2276 1413 2308 horto
1424 2277 1553 2310 maximo

249 2332 278 2362 et
298 2331 419 2372 magnis
441 2331 599 2364 arboribus
621 2330 808 2363 adumbrato.
