1874 2826
898 291 946 327 53

277 399 461 435 doctrinae
487 400 774 436 ostentationem
798 400 1016 445 exprobrare
1040 398 1205 443 plerique
1231 397 1362 433 solent.
1387 397 1579 442 Imprimis

276 467 345 504 hoc
356 470 509 513 apparet
520 477 568 505 ex
577 477 630 514 eo,
641 467 737 513 quod
748 468 859 504 rebus
870 467 909 504 in
921 466 1042 504 insula
1050 466 1191 526 Lemno
1198 465 1317 512 gestis
1327 467 1407 502 tam
1415 468 1581 502 venuste

276 540 317 573 et
340 537 557 582 simpliciter
580 538 741 573 narratis
763 526 943 582 mysteria
955 536 1211 573 Samothracia
1222 536 1342 572 obiter
1353 544 1578 571 commemo-

275 605 385 643 ravit.
406 604 523 643 Caede
542 615 566 642 a
576 605 742 642 Lemniis
753 605 930 642 uxoribus
941 605 1017 642 iam
1030 605 1178 651 saepius
1190 604 1378 650 descripta
1389 605 1522 650 poetae
1535 604 1575 640 et

275 675 535 719 mythographi
559 674 798 710 nihilominus
824 674 991 709 dubita-re
1013 674 1181 709 solebant
1193 676 1321 709 utrum
1333 674 1575 717 Argonautae

275 741 322 777 ad
337 741 437 777 illam
449 741 611 777 insulam
622 741 854 786 appulissent
865 749 1002 777 navem
1014 749 1140 776 necne.
1154 740 1335 776 Pindarus
1348 739 1474 786 (Pyth.
1495 738 1573 775 IV:

275 809 347 846 255
372 809 429 846 ed.
456 808 608 855 Christ.)
632 809 732 845 enim
756 808 941 845 Lemnum
965 809 1203 854 Argonautas
1215 809 1412 845 redeuntes
1424 809 1574 846 venisse

274 877 397 919 finxit,
422 877 517 920 quod
542 876 800 912 Battiadarum
824 876 926 921 origo
945 876 1018 912 fuit
1034 885 1138 912 amor
1150 876 1332 921 Euphemi
1345 879 1386 912 et
1398 876 1574 912 Lemniae

274 944 367 981 civis
391 946 430 980 et
453 944 578 989 aptius
602 944 636 980 ei
661 944 786 980 visum
809 945 870 980 est
892 943 961 980 hoc
986 943 1251 988 gravissimum
1275 944 1417 980 factum
1437 945 1475 981 in
1497 945 1571 981 fine

275 1012 365 1048 odae
402 1012 582 1048 collocare.
621 1012 673 1048 Cf.
715 1021 858 1056 quoque
891 1011 1009 1049 Schol.
1036 1011 1074 1047 in
1099 1013 1171 1056 Ap.
1198 1011 1314 1048 Rhod.
1342 1013 1361 1048 1
1390 1022 1399 1048 z
1425 1013 1507 1049 615.
1537 1012 1573 1058 1)

323 1080 386 1113 τῶν
421 1078 458 1114 δὲ
495 1078 604 1114 ἄλλων
643 1070 845 1123 ἱστορούντων
878 1077 928 1114 ὅτι
966 1078 1058 1114 κατὰ
1093 1078 1194 1122 χόλον
1218 1084 1278 1121 τῆς
1303 1079 1508 1124 Ἀφροδίτης
1533 1081 1571 1116 αἱ

276 1146 469 1190 Λημνιάδες
495 1147 649 1190 &do-ocum
675 1147 842 1190 ἐγένοντο,
881 1147 1048 1191 Μυρσίλος
1074 1148 1107 1182 ἐν
1133 1147 1247 1191 πρώτῳ
1274 1147 1473 1190 Λεσβιακῶν
1498 1148 1574 1183 δια-

276 1214 419 1259 Φέρεται
443 1215 503 1251 καί
525 1218 608 1260 φησι
633 1216 691 1257 τὴν
716 1215 869 1256 Μήδειαν
894 1215 1157 1260 παραπλέουσαν
1182 1214 1240 1250 δια
1264 1213 1469 1258 ζηλοτυπίαν
1481 1217 1577 1260 ῥῖψαι

276 1282 324 1323 εἰς
357 1283 414 1324 τὴν
447 1288 577 1326 Λῆμνον
602 1283 802 1329 φάρμακον,
828 1283 885 1319 καὶ
911 1283 1095 1327 δυσοσμίαν
1119 1282 1282 1326 γενέσθαι
1311 1287 1389 1323 ταῖς
1413 1283 1575 1326 γυναιξίν.

275 1351 490 1388 Theocritus
526 1353 638 1389 XIII:
675 1354 743 1399 29,
776 1354 839 1398 qui
872 1354 1017 1390 circiter
1050 1353 1317 1398 quinquaginta
1354 1353 1462 1389 annis
1487 1355 1576 1390 ante

274 1420 510 1465 Apollonium
541 1422 664 1458 floruit
695 1422 787 1458 nihil
820 1422 864 1458 de
898 1432 942 1458 ea
975 1432 1015 1458 re
1049 1422 1371 1459 commemoravit:
1397 1420 1511 1457 κοίλαν
1538 1421 1577 1456 δὲ

273 1486 536 1529 καθιδρυθέντες
558 1488 591 1529 ὲς
611 1489 723 1533 ’Λργὼ
744 1488 994 1524 ‘namn-mov
1016 1488 1118 1524 ἵκοντο
1137 1488 1233 1533 Νότῳ
1245 1488 1351 1533 τρίτον
1364 1486 1459 1534 ἆμαρ
1471 1489 1574 1525 dirra-

274 1556 452 1594 Diodorus
475 1558 670 1603 appulsum
694 1558 740 1594 ad
765 1558 948 1594 Lemnum
972 1558 1120 1603 omisit,
1144 1559 1240 1603 quod
1252 1559 1450 1601 Heracles,
1471 1560 1576 1596 cuius

275 1634 387 1660 causa
423 1626 673 1669 Argonautica
709 1626 884 1671 inseruit,
915 1625 1045 1661 Lemni
1070 1626 1161 1662 nihil
1185 1627 1422 1663 memorabile
1447 1627 1575 1672 gessit.

275 1693 404 1738 Aeque
435 1692 634 1738 Dionysius
658 1692 903 1738 Mytilenaeas
927 1693 1054 1730 omisit
1077 1694 1274 1739 adpulsum
1299 1694 1347 1730 ad
1371 1694 1577 1740 Lemnum,

275 1770 341 1805 pro
365 1771 438 1805 qua
457 1761 577 1797 insula
590 1761 714 1805 posuit
725 1761 988 1797 Samothracen
1001 1762 1264 1806 mysteriorum
1277 1762 1576 1798 celebrandorum

275 1837 405 1874 causa,
440 1829 574 1873 quibus
599 1829 767 1865 initiatus
791 1831 871 1865 erat
895 1829 1061 1874 Orpheus
1086 1828 1144 1876 2),
1173 1830 1236 1873 qui
1261 1830 1418 1875 procella
1452 1833 1577 1867 coorta

274 1897 445 1941 precibus
464 1897 543 1932 suis
562 1897 799 1941 Argonautas
820 1899 1043 1932 servaverat.
1069 1897 1300 1940 Dionysium,
1322 1898 1386 1940 qui
1407 1907 1438 1932 c.
1459 1907 1490 1932 a.
1507 1897 1577 1933 100

275 1963 456 2006 floruerit,
481 1963 576 1999 hanc
598 1973 680 2000 rem
700 1973 774 2000 non
798 1964 951 2000 finxisse
975 1963 1041 2000 sed
1065 1963 1236 2008 Apollinii
1255 1963 1388 1999 Rhodii
1410 1966 1575 2008 tempore

274 2031 390 2068 talem
422 2032 585 2069 fabulam
608 2033 684 2069 iam
708 2032 901 2069 exstitisse
925 2033 1004 2069 veri
1028 2033 1255 2069 simillimum
1279 2034 1341 2068 est
1365 2034 1574 2077 reputanti,

275 2100 314 2135 in
352 2102 491 2144 quanto
528 2101 664 2136 honore
704 2101 860 2145 Orphica
885 2100 1066 2146 mysteria
1090 2100 1226 2136 fuerint
1250 2099 1353 2135 cultu
1378 2104 1418 2135 et
1443 2102 1576 2137 vatum

275 2168 509 2205 carminibus.
535 2168 788 2205 Samothracia
798 2170 927 2205 autem
945 2168 1125 2214 mysteria
1137 2168 1183 2204 ad
1196 2170 1346 2213 tempus
1358 2177 1490 2212 usque,
1503 2179 1577 2213 quo

319 2248 353 2292 1)
383 2251 460 2283 Mire
487 2251 613 2283 Stender
641 2260 712 2300 pag.
743 2251 803 2283 35·
835 2260 905 2283 cum
930 2251 1012 2284 enim
1041 2261 1058 2283 e
1081 2251 1175 2291 stirpe
1196 2250 1314 2282 Iasonis
1336 2252 1367 2282 et
1389 2250 1578 2292 Hypsipylae

273 2293 391 2325 insulae
413 2294 536 2334 reginae
557 2294 585 2326 is
607 2294 754 2335 originem
775 2294 911 2327 duxisset
933 2295 969 2327 de
990 2303 1050 2335 qno
1079 2294 1228 2335 agendum
1249 2295 1355 2334 poetae
1377 2297 1495 2327 erat...
1519 2298 1577 2328 etc.

272 2390 312 2413 en
320 2335 355 2413 24)
374 2337 538 2421 Dffigorug
545 2338 598 2413 11111111τ
617 2340 734 2415 ἓξὲξ.
730 2338 796 2371 illic
816 2339 964 2371 nonnulla
986 2338 1117 2380 Orphica
1135 2338 1269 2370 narravit
1291 2337 1341 2370 4·
1360 2337 1435 2371 48:
1454 2339 1486 2378 5,
1506 2340 1537 2382 6,
1559 2340 1577 2372 7
