1874 2826
551 755 725 804 Apollonii
753 755 875 795 Rhodi!
901 755 990 795 liber
1015 756 1195 796 mundus
1219 755 1347 795 1-814
1369 756 1407 795 ot

757 824 845 863 ΙΙΙιοι·
870 824 1024 872 quartus
1049 824 1189 864 Valet-ll.

374 941 547 978 Nondum
579 941 773 978 Valerium
798 943 868 978 sibi
893 943 1100 987 temperare
1123 942 1162 977 in
1187 941 1309 978 fabula
1332 941 1377 977 de
1402 941 1560 977 Hercule
1585 942 1625 977 et

325 1010 426 1055 Hyla
450 1010 654 1046 enarranda
679 1010 769 1045 sinit
793 1010 1024 1053 Apolloniani
1048 1010 1259 1054 argumenti
1283 1010 1460 1047 dilatandi
1484 1009 1624 1055 cupido.

326 1077 453 1122 Pergit
489 1086 636 1112 narrare
674 1076 800 1112 Iovem
836 1077 892 1112 ira
923 1085 1144 1112 succensum
1180 1076 1359 1112 Iunonem
1384 1077 1547 1121 graviter
1571 1077 1625 1112 in-

326 1145 535 1190 crepuisse:
556 1145 608 1180 sic
624 1145 802 1181 Iunonem
823 1144 975 1181 anxiam
995 1145 1093 1181 curis
1105 1144 1237 1181 ducem
1249 1144 1456 1181 Aesonium
1468 1144 1623 1186 fovisse,

328 1213 382 1247 sic
406 1218 513 1247 arma
534 1212 613 1247 viro
638 1213 677 1247 et
703 1211 820 1247 socios
845 1211 1079 1247 ministrare!
1101 1212 1235 1248 Mirum
1254 1213 1314 1247 est
1334 1212 1430 1256 quod
1451 1212 1625 1257 Iuppiter,

326 1289 439 1325 quem
477 1289 651 1316 severum
688 1282 727 1316 et
765 1279 1033 1326 implacabilem
1069 1279 1139 1317 fati
1176 1279 1355 1316 arbitrum
1387 1279 1626 1325 cognovimus

329 1350 347 1384 1
365 1359 373 1384 ε
390 1349 602 1393 531-573,
629 1349 683 1384 ira
706 1349 745 1384 in
769 1348 948 1385 Iunonem
973 1351 1181 1385 commotus
1205 1349 1369 1385 minatur
1394 1358 1435 1385 se
1454 1358 1519 1394 pro
1538 1348 1626 1394 Scy·

326 1417 406 1452 thia
418 1418 458 1452 et
471 1417 607 1452 misero
619 1426 702 1461 rege
714 1417 833 1453 Aeete
846 1426 984 1461 poenas
997 1418 1234 1461 sumpturum
1246 1425 1348 1461 esse;
1361 1418 1549 1462 praeterea
1561 1426 1626 1461 pro

326 1484 492 1529 Absyrto
513 1486 594 1520 tam
615 1484 809 1520 crudeliter
829 1484 1025 1520 interfecto
1045 1493 1162 1529 poena
1173 1484 1299 1520 futura
1310 1485 1391 1520 erat
1402 1483 1531 1520 caedes
1543 1484 1625 1520 libe-

327 1561 463 1596 rorum,
477 1561 568 1596 quos
579 1552 687 1588 Iason
701 1552 895 1597 geniturus
907 1554 998 1597 erat,
1011 1562 1034 1588 a
1046 1552 1173 1588 Medea
1183 1552 1293 1588 facta.
1306 1552 1375 1588 Est
1386 1552 1546 1588 alterum
1557 1552 1626 1587 hoc

327 1619 591 1655 documentum
611 1619 801 1655 Valerium
821 1619 868 1655 ad
888 1619 991 1655 illam
1011 1621 1171 1655 taetram
1193 1619 1343 1655 caedem
1363 1620 1626 1664 argumentum

327 1687 539 1732 protrahere
559 1688 743 1733 voluisse3
769 1688 853 1723 vide
876 1697 970 1731 quae
991 1687 1090 1723 dicta
1111 1688 1200 1723 sunt
1220 1687 1267 1723 ad
1283 1688 1300 1722 1
1318 1699 1326 1722 ι
1342 1686 1546 1722 220—226.
1572 1688 1627 1722 At

328 1755 368 1791 in
392 1755 461 1790 hac
485 1754 668 1800 Apollonii
692 1757 732 1791 et
756 1755 894 1791 Valerii
917 1755 1126 1791 narratione
1146 1764 1326 1800 magnum
1338 1754 1534 1790 discrimen
1547 1754 1624 1795 est,

329 1823 426 1867 quod
462 1822 645 1867 imprimis
681 1823 746 1865 iis,
786 1832 880 1867 quae
914 1824 1003 1858 sunt
1035 1823 1115 1859 libri
1148 1823 1270 1868 quarti
1302 1823 1427 1866 initio,
1461 1825 1625 1867 apparet.

328 1890 546 1935 Apollonius
572 1890 671 1925 enim
695 1899 768 1925 non
789 1890 975 1925 aberravit
995 1890 1040 1925 ab
1059 1891 1275 1935 argumento
1295 1890 1365 1926 sibi
1385 1889 1570 1935 proposito
1588 1891 1627 1924 et

328 1967 409 1993 rem
426 1958 481 1993 ita
493 1958 689 2002 tractavit,
712 1960 756 1993 ut
769 1957 890 2002 Hylae
904 1966 1003 1993 mors
1017 1958 1055 1992 et
1067 1958 1235 1994 Herculis
1249 1958 1370 1994 tristis
1383 1967 1463 1994 sors
1476 1958 1627 1994 tantum

328 2025 375 2062 ad
386 2025 691 2071 Argonautarum
704 2025 777 2061 iter
788 2024 991 2071 pertineret
1004 2034 1121 2070 neque
1133 2035 1176 2062 eo
1188 2026 1305 2072 modo,
1322 2027 1365 2062 ut
1378 2025 1439 2062 illa
1451 2025 1628 2070 digressio

329 2094 519 2130 videretur
537 2103 622 2130 esse
641 2102 729 2138 pars
750 2093 949 2128 Heracleae
969 2093 1123 2129 fabulae.
1148 2094 1327 2130 Hercules
1347 2094 1448 2130 enim
1460 2093 1626 2134 relictus,

329 2171 424 2206 quae
449 2162 508 2197 est
533 2170 668 2206 magna
693 2160 906 2205 calamitae,
929 2169 991 2196 eos
1011 2170 1121 2205 saepe
1142 2162 1305 2198 maximo
1326 2164 1463 2198 terrore
1484 2161 1627 2202 affecit,

330 2230 472 2266 labores
497 2230 603 2266 auxit
625 2229 684 2275 (cf.
699 2230 769 2274 Ap.
785 2228 806 2263 2
823 2241 830 2264 ε
847 2228 918 2264 146
929 2229 1054 2275 —153)
1068 2229 1132 2265 sed
1146 2239 1297 2266 necesse
1310 2232 1390 2266 erat
1402 2233 1446 2266 ut
1458 2230 1517 2266 ille
1529 2239 1628 2266 amo—

330 2300 481 2334 veretur
495 2298 550 2333 ita
559 2324 568 2342 ,
590 2299 634 2333 ut
653 2298 784 2342 postea
796 2295 903 2332 Iason
917 2296 1017 2333 solus
1030 2297 1213 2334 maximos
1225 2298 1367 2335 labores
1379 2299 1501 2334 subire
1514 2307 1628 2342 seque

330 2365 479 2402 Medeae
504 2375 628 2402 amore
654 2365 913 2411 dignissimum
940 2367 1129 2410 praestare
1153 2368 1291 2411 posset.
1325 2366 1462 2403 Eadem
1486 2366 1628 2402 ratione
