1874 2826
913 283 960 319 34

287 392 413 426 rerent
438 389 487 437 3).
526 390 702 426 Hercules
735 391 836 426 solus
868 391 1003 426 fortem
1037 391 1162 426 virum
1195 400 1237 426 se
1268 392 1421 435 praebet
1445 393 1490 428 cf.
1515 393 1587 429 634

288 456 564 504 (magnanimus
574 459 719 502 spectat
728 458 922 502 pharetras
930 460 971 494 et
977 458 1108 494 inutile
1117 458 1226 494 robur
1233 458 1587 506 Amphitryonides).

287 525 480 562 Nonnullis
495 529 624 561 autem
645 535 693 562 ex
711 526 875 562 Aeneide
888 525 1051 570 sumptis
1062 525 1232 562 Iasonem
1244 525 1378 561 melius
1389 526 1494 563 ducis
1506 537 1588 564 mu-

288 602 376 629 nere
400 594 616 638 fungentem
642 593 813 630 inducere
837 594 1021 640 potuisset
1047 593 1229 634 Valerius,
1243 593 1281 628 cf
1289 593 1384 629 Aen.
1408 595 1426 629 1
1443 595 1512 630 :97
1525 596 1588 631 ubi

289 662 473 697 exclamat
480 661 647 697 Aeneas:
661 662 768 698 Mene
781 661 902 698 Iliacis
915 661 1055 706 campis
1068 662 1284 698 occumbere
1295 670 1369 697 non
1382 662 1586 706 potuisse.''

287 729 394 766 Iason
431 731 559 765 tamen
585 738 653 765 nec
680 729 798 766 socios
821 727 1040 766 adhortatus
1066 738 1185 774 neque
1209 729 1289 774 ipse
1314 729 1515 774 quidquam
1539 730 1587 766 ad

288 797 404 833 socios
429 797 630 833 servandos
656 798 807 834 molitus
831 798 1003 841 ingentes
1028 797 1172 833 animos
1198 797 1374 842 concepit,
1388 800 1586 842 postquam

287 868 414 902 metus
426 867 467 901 et
478 865 639 911 pericula
647 865 872 902 destiterunt
880 868 919 902 et
932 866 1051 902 hiems
1064 864 1227 911 Neptuni
1239 866 1454 902 interventu
1466 865 1586 902 furere

288 934 441 977 quievit.
451 934 605 970 Sacrum
616 934 796 971 amictum
807 936 840 976 1)
853 934 1006 970 indutus
1018 936 1058 970 et
1066 935 1267 970 Aesoniam
1277 937 1444 978 pateram
1453 935 1586 971 tollens

288 1002 426 1038 iterum
464 1012 487 1038 a
523 1001 604 1039 Diis
636 1002 874 1047 tranquillum
899 1012 1000 1039 mare
1026 1005 1066 1039 et
1090 1002 1237 1039 salvum
1261 1001 1423 1039 reditum
1448 1003 1586 1048 precari

288 1079 402 1105 ausus
439 1071 508 1105 est.
546 1070 647 1114 Quod
685 1071 731 1105 ad
768 1070 934 1115 Neptuni
959 1071 1217 1106 interventum
1241 1070 1421 1115 pertinet,
1447 1071 1585 1106 iterum

290 1138 599 1183 comparationem
635 1139 734 1174 inter
770 1138 924 1184 Vergilii
960 1141 1000 1175 et
1024 1138 1161 1176 Valerii
1185 1138 1456 1183 expositionem
1480 1139 1590 1186 insti->

289 1208 461 1251 tuemus,
499 1215 571 1249 quo
609 1207 800 1250 apparebit
837 1207 931 1242 hanc
968 1215 1112 1250 quoque
1146 1206 1480 1250 Argonauticorum
1504 1216 1586 1250 par-

288 1276 366 1310 tem
403 1274 550 1319 magnis
587 1274 691 1311 vitiis
728 1275 900 1311 laborare.
939 1274 986 1311 In
1022 1274 1187 1311 Aeneide
1221 1273 1336 1319 Juno,
1376 1275 1421 1309 ut
1453 1276 1588 1311 ventos

287 1342 450 1385 emittat,
476 1343 581 1379 facile
606 1344 807 1388 persuadet
827 1344 952 1389 Aeolo,
979 1344 1075 1388 quod
1100 1352 1255 1388 regnum
1279 1342 1314 1378 ei
1328 1342 1586 1379 conciliaverat

291 1411 473 1458 (65-81).
515 1410 609 1448 Cum
647 1412 769 1448 hiems
806 1413 846 1448 et
882 1421 999 1449 naves
1036 1412 1210 1448 Troianas
1248 1412 1287 1447 et
1325 1420 1427 1447 mare
1463 1411 1586 1456 ipsum

288 1483 460 1526 vexaret,
499 1480 696 1526 Neptunus
729 1480 967 1525 magnanima
1000 1479 1249 1524 indignatione
1273 1480 1465 1525 incensus,
1492 1479 1587 1523 quod

290 1548 328 1583 in
368 1548 445 1584 suis
482 1548 598 1594 ipsius
637 1549 771 1585 finibus
808 1550 977 1594 potestas
1014 1550 1140 1593 spreta
1178 1556 1261 1583 esse
1286 1547 1356 1583 sibi
1383 1547 1585 1592 videretur,

290 1618 402 1660 caput
425 1616 534 1651 undis
560 1616 696 1651 extulit
721 1618 759 1652 et
784 1619 919 1652 ventos
942 1616 1042 1651 abire
1068 1615 1197 1656 iussit,
1225 1623 1296 1658 quo
1310 1614 1438 1649 classis
1450 1613 1588 1649 afflicta

290 1692 311 1719 e
336 1692 482 1719 summo
507 1683 718 1720 discrimine
743 1687 869 1730 erepta
894 1687 964 1721 est.
985 1684 1028 1719 In
1041 1683 1179 1720 Valerii
1192 1682 1313 1719 Flacci
1325 1682 1587 1726 Argonauticis

289 1753 424 1787 ventos
460 1751 596 1787 nullius
635 1753 740 1787 iussu
776 1753 840 1788 sed
877 1762 944 1788 suo
980 1752 1102 1788 furore
1140 1751 1343 1787 concitatos
1368 1749 1583 1793 Neptunus,

289 1819 394 1856 cuius
436 1819 583 1863 plurimi
621 1819 816 1864 intererat,
855 1822 982 1857 utrum
1018 1819 1190 1856 homines
1229 1826 1330 1854 mare
1367 1817 1589 1863 navigantes

287 1887 486 1932 imperium
511 1888 682 1922 tenerent
707 1897 754 1922 an
781 1888 877 1932 ipse,
890 1888 1034 1923 blandis
1045 1887 1196 1923 Iunonis
1210 1887 1249 1921 et
1261 1885 1450 1921 Minervae
1462 1886 1589 1921 verbis>

288 1954 394 1991 facile
406 1956 599 2000 permotus
612 1954 681 2000 ille,
697 1954 810 1998 quiin
823 1955 973 1991 deorum
987 1955 1156 1991 contione
1169 1955 1348 1998 tacuerat,
1362 1946 1586 1994 intercessit,

289 2033 335 2059 ne
367 2024 487 2068 prima
524 2023 633 2058 navis
667 2022 777 2057 undis
811 2023 1034 2058 obrueretur.
1074 2021 1305 2065 Quamquam
1338 2021 1500 2056 maxime
1524 2030 1590 2056 au-

332 2155 366 2199 1)
399 2157 467 2188 Has
500 2157 639 2187 externas
663 2164 762 2194 nugas
795 2154 918 2186 maximi
941 2154 1084 2185 momenti
1106 2162 1172 2185 esse
1193 2153 1345 2185 existimat
1367 2153 1524 2193 Valerius,
1547 2154 1587 2185 cf.

286 2210 402 2242 ardenti
435 2210 514 2241 ferro
547 2209 624 2240 488.
659 2207 795 2239 Phineus
827 2216 945 2247 quoque
979 2206 1044 2238 sine
1075 2206 1160 2237 vittis
1190 2207 1221 2238 et
1242 2206 1327 2237 lauro
1349 2206 1506 2238 vaticinari
1527 2215 1588 2238 non

287 2265 385 2303 potest
414 2263 453 2297 cf.
484 2263 504 2294 2
528 2274 536 2294 :
559 2262 636 2294 548.
672 2261 755 2299 Quae
785 2260 886 2292 omnia
914 2269 933 2291 a
954 2260 1080 2292 veritate
1102 2261 1228 2291 naturae
1251 2268 1345 2300 aeque
1367 2260 1456 2300 longe
1477 2260 1588 2292 absunt

286 2318 376 2356 atque
398 2316 535 2349 scenicus
556 2317 739 2356 apparatus,
763 2323 822 2354 quo
845 2313 986 2354 aequales
1004 2312 1104 2345 nostri
1117 2313 1289 2345 utunturin
1301 2312 1486 2345 dramatibus
1499 2312 1592 2345 laetis

288 2369 366 2406 illis,
390 2370 500 2409 quibus
522 2378 631 2401 nomen
655 2370 702 2401 est
724 2377 814 2408 opera
836 2367 982 2407 comique.
