1874 2826
948 287 970 322 4

302 403 351 429 ea
387 397 585 439 genuerat,
620 395 715 430 Iolco
748 395 858 440 potiti
893 397 983 431 sunt
1009 394 1152 430 fratres.
1175 394 1288 431 Neleo
1313 396 1467 440 expulso
1493 396 1614 433 Pelias

306 461 445 498 multos
481 471 597 498 annos
634 461 774 506 placide
808 462 979 508 regnavit
1006 470 1122 507 usque
1148 461 1194 498 ad
1218 462 1422 499 adventum
1449 463 1613 510 Iasonis,

305 530 372 566 filii
404 531 582 572 Aesonis,
608 530 838 575 perhibentis
863 540 904 567 se
930 539 1012 567 esse
1037 531 1158 575 regiae
1183 531 1383 576 potestatis
1404 531 1614 576 legitimum

306 597 490 634 heredem.
528 597 646 643 Quem
678 599 724 635 ut
754 607 775 635 e
809 598 930 635 medio
963 597 1128 644 tolleret,
1162 598 1274 636 iussit
1302 598 1419 635 vellus
1457 608 1613 637 aureum

305 665 455 713 (nempe
479 667 575 702 aries
596 676 707 703 aureo
727 667 862 703 vellere
884 669 1008 703 tectus
1027 667 1270 704 Athamantis
1289 669 1420 705 liberos
1432 667 1613 705 Phrixum

306 736 346 770 et
379 734 511 770 Hellen
544 735 770 780 abstulerat,
809 735 906 780 quod
942 735 1061 771 vellus
1085 745 1241 772 aureum
1265 736 1381 773 ariete
1406 736 1611 773 sacrificato

304 802 464 838 Phrixus
501 803 612 839 Marti
647 804 872 848 sacraverat)
898 813 918 839 e
944 802 1112 840 Colchide
1137 807 1284 849 petere,
1310 805 1480 841 Iasonem
1504 806 1611 841 ratus

305 870 344 906 vi
367 871 638 915 tempestatum
664 873 703 907 et
727 871 840 907 maris
853 870 913 907 vel
925 871 1059 916 proelio
1072 880 1158 907 cum
1171 871 1268 908 illius
1282 872 1439 917 regionis
1451 873 1610 918 tyranno

305 938 545 975 interiturum
570 949 664 975 esse.
690 940 840 976 Iunonis
864 941 903 975 et
917 940 1104 976 Minervae
1125 949 1193 985 ope
1206 940 1356 976 adiutus
1369 949 1454 977 cum
1468 941 1612 978 circiter

305 1005 575 1051 quinquaginta
617 1006 786 1042 heroibus
832 1005 1100 1051 celeberrimis,
1148 1007 1211 1051 qui
1257 1006 1404 1043 nomine
1442 1007 1551 1043 navis
1587 1017 1611 1044 a

306 1073 473 1110 Minerva
510 1074 649 1117 factae,
687 1076 926 1120 Argonautae
963 1075 1145 1111 nominati
1183 1077 1291 1120 sunt,
1329 1085 1394 1120 per
1423 1075 1608 1119 Medeam,

307 1141 451 1177 Aeetae
489 1141 644 1178 Colchici
681 1142 777 1187 regis
808 1142 942 1183 filiam,
976 1141 1120 1178 Iasonis
1146 1151 1269 1178 amore
1294 1151 1530 1188 succensam,
1556 1143 1611 1178 in-
1666 1153 1669 1156 “

302 1212 455 1255 ceptum
476 1211 597 1246 audax
618 1211 846 1256 perpetravit
867 1213 906 1247 et
927 1212 1012 1256 post
1024 1210 1151 1255 longos
1165 1219 1324 1253 erroreS‚
1337 1211 1609 1248 innumerabili-

305 1279 375 1314 bus
401 1278 569 1323 periculis
583 1278 748 1314 obiectus
757 1306 766 1324 ‚
781 1287 866 1314 cum
874 1278 1004 1314 Medea
1013 1278 1051 1314 in
1060 1277 1287 1314 Thessaliam
1295 1278 1405 1315 rediit
1413 1288 1610 1324 rerumque

306 1347 447 1391 potitus
482 1349 550 1383 est.
586 1347 684 1392 Quas
717 1356 776 1383 res
810 1350 938 1392 gestas
970 1347 1156 1388 homines,
1189 1347 1253 1391 qui
1282 1347 1371 1383 ante
1403 1346 1607 1384 Homerum

306 1414 500 1459 vixerunt,
531 1423 647 1459 aeque
673 1415 831 1450 intentis
855 1415 1005 1450 auribus
1030 1416 1062 1455 1)
1083 1414 1208 1449 audire
1228 1414 1395 1449 solebant
1415 1423 1458 1450 ac
1478 1417 1610 1459 postea

307 1482 459 1518 Homeri
497 1483 671 1527 aequales
712 1481 766 1529 (et
804 1482 957 1527 quisque
981 1482 1149 1527 vpopulus
1186 1490 1252 1527 per
1287 1482 1412 1518 omnia
1448 1481 1607 1529 saecula)

304 1549 456 1586 Iliadem
488 1552 526 1586 et
560 1549 776 1595 Odysseam,
811 1549 910 1594 Quae
944 1550 1015 1586 duo
1048 1550 1151 1593 epica
1184 1549 1348 1585 carmina
1374 1550 1536 1586 fabulam
1562 1550 1606 1586 de

304 1619 605 1664 Argonautarum
626 1619 759 1655 itinere
784 1618 964 1655 oblivione
989 1618 1191 1655 obruerunt
1215 1627 1289 1654 non
1311 1617 1435 1654 minus
1460 1626 1608 1653 summa

306 1687 489 1731 elegantia
509 1689 548 1723 et
572 1687 731 1732 pondere
755 1696 880 1723 rerum
906 1696 1018 1731 quam
1044 1687 1140 1731 quod
1165 1686 1311 1732 Minyae
1325 1685 1375 1732 2),
1398 1694 1554 1730 quorum
1567 1685 1606 1721 in

348 1774 382 1814 1)
405 1774 451 1806 Cf.
475 1774 572 1814 Odyss
591 1784 617 1810 ’μ
638 1785 643 1803 ;
663 1775 700 1803 69
720 1784 726 1803 t
747 1775 841 1810 Ἀργὼ
861 1777 930 1802 πᾶσι
950 1774 1085 1809 μέλουσα.

347 1847 381 1886 2)
426 1847 613 1887 Argonautis
647 1856 756 1879 nomen
784 1847 913 1887 Minyis,
945 1846 1062 1887 priscae
1101 1846 1186 1887 genti
1218 1846 1376 1884 Aeolicae,
1413 1845 1517 1877 datum
1552 1845 1607 1877 est.

301 1905 553 1947 Argonautarum
575 1905 672 1945 enim,
694 1905 745 1945 qui
769 1905 918 1945 imprimis
942 1904 1077 1945 Iolcum,
1099 1904 1179 1936 unde
1201 1904 1289 1936 navis
1311 1904 1396 1944 Argo
1406 1903 1541 1944 profecta
1551 1904 1609 1943 est,

302 1965 497 2006 habitabant,
521 1964 573 2004 (K.
596 1963 632 1996 Ο.
654 1963 765 1995 Miiller
787 1963 988 1996 Orchomenos
1010 1963 1074 1995 und
1095 1963 1144 1995 die
1164 1962 1283 2004 Minyer
1300 1971 1371 2003 pag.
1384 1961 1461 2001 249)
1473 1961 1609 2003 plerique

300 2026 389 2057 erant
409 2024 551 2063 Minyae„
564 2022 634 2054 Non
657 2022 713 2053 filii
736 2023 784 2054 vel
805 2024 928 2062 nepotes
950 2023 1032 2062 regis
1055 2021 1213 2054 cuiusdam
1232 2021 1353 2061 Minyae
1371 2021 1608 2061 erantsedgens

301 2094 321 2116 a
342 2084 412 2116 ficto
435 2082 628 2124 progenitore
650 2081 754 2122 Minya
776 2080 902 2113 oriunda
924 2081 1048 2121 (Miiller
1069 2080 1159 2113 Orch.
1182 2079 1247 2113 253
1266 2080 1297 2113 et
1308 2078 1492 2118 254).Duce
1502 2078 1608 2120 Minya

301 2143 335 2175 in
366 2142 522 2175 Boeotiam
544 2140 698 2182 progressi
719 2149 848 2180 regnum
869 2141 900 2171 et
922 2140 1027 2172 urbem
1049 2138 1291 2180 potentissimam
1314 2138 1533 2171 Orchomenum
1555 2139 1607 2171 ob-

304 2201 457 2241 tinebant,
481 2208 559 2241 quae
582 2199 656 2231 urbs
677 2198 867 2239 praeclarum
886 2197 1062 2229 thesaurum
1080 2196 1209 2228 habebat
1229 2196 1262 2227 in
1279 2196 1424 2236 aedificio,
1441 2197 1528 2229 cuius
1538 2197 1608 2230 reli-

300 2259 391 2299 quiae
413 2260 533 2291 exstant
554 2258 601 2298 (cf
619 2258 710 2290 Paus.
737 2257 757 2290 9
782 2269 788 2289 :
813 2257 880 2296 35).

346 2316 433 2348 Aeoli
465 2316 523 2348 filii
545 2317 632 2348 erant
654 2308 818 2356 Sisyphus,
846 2315 910 2355 (rex
933 2313 1092 2353 Corinthi),
1115 2314 1265 2346 Athamas
1288 2314 1479 2356 (Orchomeni
1501 2324 1553 2347 rex
1575 2316 1607 2347 et

302 2376 408 2409 Phrixi
429 2375 712 2417 pater)‚·Cretheus
736 2374 824 2413 (Iolci
847 2373 1001 2414 conditor,
1023 2373 1152 2406 Aesonis
1174 2374 1292 2415 pater),
1312 2374 1498 2407 Salmoneus.
1517 2373 1605 2406 Unde
