1874 2826
898 305 946 343 87

422 412 497 449 lilia
522 422 587 459 per
611 422 743 451 vernos
767 414 895 451 lucens
921 414 1025 451 velut
1049 414 1131 451 alba
1156 413 1294 450 colores

423 482 632 527 praecipue,
658 483 742 527 quis
766 483 845 519 vita
869 484 991 520 brevis
1017 485 1193 527 totusque
1218 491 1417 527 parumper
1470 507 1472 509 »

421 549 527 586 floret
551 550 666 587 honor
688 550 802 587 fuscis
827 553 867 593 et
890 551 966 587 iam
991 552 1103 588 notus
1128 551 1303 587 imminet
1328 550 1409 586 alis.

324 615 406 652 Non
429 617 504 653 iam
528 619 673 654 attento
698 620 737 654 et
764 619 875 654 alacri
899 618 1024 655 animo
1044 628 1245 663 possumus
1266 619 1464 655 observare
1476 625 1577 653 amo·

274 691 356 719 rem
379 684 531 729 virginis
555 684 675 730 primo
697 688 934 731 nascentem,
959 685 1090 722 deinde
1111 686 1235 723 omnia
1253 687 1465 723 tentantem
1487 684 1575 721 diris

270 754 315 787 et
339 751 502 788 sinistris
524 755 655 797 poetae
679 753 797 798 ipsius
821 755 1008 790 vaticiniis
1033 754 1307 790 adumbratum.
1334 754 1393 800 (cf.
1421 755 1444 789 4
1470 764 1480 787 ε
1510 754 1572 807 13,

271 818 298 853 5
325 830 334 853 ε
360 818 554 855 335-340
578 829 623 856 en
650 820 740 867 220,
768 822 790 857 5
818 832 828 857 :
856 821 927 858 586
953 823 992 857 et
1018 820 1116 866 606.)
1143 822 1349 858 426—506.

322 885 414 922 Iuno
449 887 540 923 nihil
571 888 644 923 nisi
677 888 767 924 dolis
791 891 831 925 et
852 889 995 930 astutia
1019 898 1108 934 usa,
1133 889 1293 933 puellam
1318 898 1446 925 secum
1469 889 1572 925 ducit

273 952 313 989 in
350 954 514 998 moenia,
551 955 614 992 ubi
650 956 776 993 Medea
799 956 985 1003 residens,
1019 956 1109 994 dum
1133 958 1238 994 varia
1263 956 1346 994 belli
1369 958 1571 994 cert-,amma

270 1021 425 1068 aspicit,
458 1032 560 1060 acres
589 1024 712 1060 oculos
737 1026 776 1061 et
800 1034 929 1061 omnes
955 1035 1090 1062 sensus
1114 1026 1379 1071 faventemque
1403 1026 1570 1062 animum

273 1089 313 1126 in
336 1089 506 1128 Iasonem
530 1083 662 1138 refert,
687 1093 792 1129 cuius
817 1094 938 1130 virtus
961 1093 1062 1130 inter
1086 1103 1217 1130 omnes
1238 1094 1375 1130 emicat
1387 1102 1570 1138 quemque

270 1159 414 1194 servari
449 1160 596 1196 Medeae
632 1160 747 1206 pluris
773 1161 929 1197 interest
953 1171 1067 1206 quam
1092 1162 1247 1197 fratrem
1274 1162 1487 1206 Absyrtum
1512 1161 1571 1197 vel

269 1228 425 1272 'pactum
449 1228 649 1273 coniugem.
675 1228 788 1273 Virgo
810 1238 935 1265 amore
960 1230 1036 1265 iam
1061 1228 1229 1274 perculsa
1253 1229 1374 1275 magis
1394 1229 1572 1266 incitatur

273 1295 401 1331 callido
426 1296 580 1340 alloquio
604 1296 754 1332 Iunonis
780 1297 964 1332 monentis
984 1297 1029 1332 de
1047 1297 1169 1333 reditu
1186 1297 1329 1333 Iasonis
1341 1297 1380 1333 in
1393 1298 1569 1343 patriam,

271 1363 345 1409 ita,
370 1364 414 1400 ut
437 1365 518 1400 tota
543 1364 581 1400 in
606 1363 666 1400 illo
690 1373 802 1409 quam
823 1364 986 1401 maxime
1006 1364 1152 1420 fruatur
1172 1365 1257 1401 visu
1279 1365 1400 1401 herois
1421 1365 1570 1402 audacis

270 1432 310 1467 et
337 1431 397 1478 „in
421 1441 563 1468 ommes
588 1432 707 1476 partis
732 1431 912 1468 furentis''
941 1433 986 1469 cf.
1012 1434 1084 1469 613
1110 1442 1186 1477 seq.

416 1499 571 1535 stabulis
596 1499 716 1544 qualis
740 1499 796 1536 leo
820 1500 944 1536 saevit
967 1500 1101 1545 opimis

319 1566 511 1602 luxurians
535 1567 747 1611 spargitque
771 1566 910 1603 famem
934 1569 1132 1612 mutatque
1155 1577 1303 1604 cruores
1330 1568 1565 1615 (575-620).

319 1633 481 1671 Plurima
504 1634 645 1671 Iasonis
670 1636 832 1681 egregrie
852 1636 953 1673 facta
975 1637 1225 1682 contemplata
1238 1637 1341 1682 virgo
1353 1637 1429 1674 iam
1442 1638 1566 1675 minus

268 1702 431 1747 castigat
453 1712 519 1748 pro
543 1704 663 1739 herois
688 1689 819 1740 salute*
834 1708 959 1741 metus
984 1707 1024 1741 et
1048 1714 1165 1749 „quas
1190 1705 1257 1742 alit
1281 1706 1396 1742 inscia
1415 1705 1565 1742 curas’':

270 1770 416 1808 dubitat
448 1781 496 1807 an
531 1780 604 1808 non
637 1772 688 1808 sit
721 1772 783 1808 illa
807 1781 908 1809 soror
932 1782 1000 1809 nec
1024 1773 1137 1809 audet
1161 1773 1306 1810 credere
1330 1774 1459 1810 vultus
1483 1783 1566 1811 esse

269 1839 383 1876 falsos
407 1843 447 1876 et
471 1850 600 1877 rursus
624 1841 662 1877 in
688 1841 818 1877 eadem
842 1842 975 1886 gaudia
999 1843 1146 1879 labitur.
1172 1843 1266 1879 Tum
1288 1843 1437 1879 monilia
1458 1843 1565 1879 divae

269 1910 396 1954 erepta
431 1910 472 1945 et
508 1917 623 1945 manu
654 1910 884 1946 contrectata
918 1909 1008 1947 eollo
1041 1911 1145 1956 virgo
1170 1912 1296 1957 aptat,
1320 1911 1452 1956 quibus
1478 1920 1564 1947 mox

269 1976 413 2021 ingenti
436 1985 560 2012 amore
584 1976 803 2013 incenditur.
828 1977 900 2013 Sed
924 1978 1016 2014 Iuno
1041 1981 1232 2023 rogantem
1258 1989 1349 2015 num
1373 1982 1478 2023 pater
1490 1980 1565 2014 vel-

269 2043 328 2079 lus
352 2044 577 2089 promissum
602 2044 749 2091 hospiti,
775 2046 838 2090 qui
861 2047 980 2083 tantis
1005 2047 1176 2092 periculis
1190 2057 1231 2084 se
1243 2047 1565 2090 obiciat,daturus

269 2112 339 2155 sit,
366 2112 487 2148 medio
510 2113 549 2148 in
574 2122 744 2150 sermone
767 2114 943 2159 relinquit
962 2116 1042 2152 voti
1054 2111 1214 2161 compos.
1241 2116 1358 2160 Quam
1371 2115 1567 2160 digressio-

269 2188 357 2216 nem
392 2179 541 2217 laudare
577 2190 651 2217 non
688 2190 850 2227 possum.
888 2181 968 2219 Non
999 2183 1202 2220 verisimile
1232 2186 1292 2219 est
1315 2185 1356 2219 et
1380 2183 1565 2220 humanae

267 2247 422 2283 naturae
446 2247 642 2293 impugnat
668 2249 849 2294 virginem
872 2259 998 2286 amore
1022 2251 1058 2286 in
1085 2251 1206 2287 virum
1231 2253 1318 2286 ante
1339 2251 1464 2287 oeulos
1476 2261 1566 2297 pug-

268 2317 421 2351 nentem
446 2317 594 2360 captam
618 2317 767 2353 monilia
791 2320 832 2354 et
856 2321 1079 2355 ornamenta,
1091 2318 1281 2355 muliebria
1294 2328 1432 2355 curare.
1454 2319 1566 2364 Quae-

268 2383 423 2419 rendum
447 2383 638 2428 praeterea
663 2387 742 2432 est,
767 2396 879 2431 quare
903 2387 1029 2433 regma
1053 2387 1202 2423 deorum
1228 2387 1286 2423 his
1311 2387 1460 2425 nefariis
1472 2388 1566 2426 dolis
