1874 2826
1520 259 1563 286 IX

259 358 445 403 uyterste‚
472 368 519 395 en
543 360 609 395 het
628 359 864 405 onmiddelijk
884 359 1072 404 volgende.
1095 358 1146 394 Of
1161 357 1281 394 wordt
1301 357 1388 394 door
1407 359 1556 395 Reinier

258 425 299 462 of
318 425 396 463 Vos
420 435 488 464 een
512 427 661 465 criticus
685 428 724 465 in
749 427 779 465 't
796 427 986 474 algemeen
1010 426 1217 465 bedoeld?”

306 495 448 531 Alludit
472 496 611 532 scilicet
634 497 744 541 poeta
768 496 815 531 ad
839 496 996 531 Phaedri
1020 496 1197 531 Fabulam
1223 496 1241 530 I
1267 508 1275 531 :
1304 497 1337 530 7.

825 611 990 649 XXXV.

306 709 479 745 Definitio
510 694 735 754 comoediae,
774 717 888 753 quam
920 708 1109 753 proposuit
1141 708 1345 753 Baumgart
1378 707 1417 744 in
1447 707 1558 753 libro,

258 778 321 822 qui
352 778 563 813 inscribitur
595 776 829 822 „Handbuch
855 777 919 812 der
942 776 1088 818 Poetik‚
1121 777 1210 812 Eine
1235 775 1556 813 Kritisehe-histo·

257 845 378 881 rische
422 844 658 888 Darstellung
694 844 759 879 der
793 843 943 879 Theorie
980 843 1044 879 der
1079 843 1306 880 Dichtkunst
1344 842 1557 890 (stuttgart

261 911 368 959 1877)
394 921 475 958 pag.
502 912 593 957 666,
618 911 817 948 admodum
841 912 901 947 est
925 911 1119 956 probanda.

813 1028 995 1064 XXXVI.

305 1126 428 1162 Minus
457 1126 557 1161 recte
591 1126 757 1171 Bernays
781 1125 1014 1171 (Grundzfige
1039 1126 1103 1161 der
1125 1126 1349 1162 Verlorenen
1377 1126 1555 1163 Abhand-

258 1193 346 1238 lung
395 1193 459 1229 des
489 1192 712 1229 Aristoteles
743 1194 834 1229 siber
865 1193 1051 1238 Wirkung
1081 1193 1149 1229 ⁴der
1180 1193 1389 1239 Tragoedie)
1440 1195 1558 1230 vertit

257 1260 476 1297 vocabulum
499 1258 665 1304 κάθαρσιν
689 1270 755 1305 per
778 1270 856 1297 voc.
881 1261 1102 1305 Entladung.

803 1376 1003 1413 XXXVII.
1052 1379 1058 1385 “

306 1476 555 1520 Peregrinatio
580 1475 634 1511 St.
660 1475 845 1511 Brandani
869 1476 1045 1521 AbbatiS,
1071 1476 1125 1512 ed.
1149 1475 1326 1513 Schreder
1346 1487 1383 1522 p.
1401 1477 1446 1513 19
1458 1487 1495 1513 v.
1512 1478 1557 1513 17

257 1544 452 1589 legendum
477 1546 537 1580 est
559 1553 642 1589 pro:
679 1542 783 1590 (tunc
808 1538 985 1588 oeperunt
1007 1544 1157 1581 tendere
1182 1543 1278 1592 vela)
1305 1545 1489 1581 multum:
1516 1546 1555 1581 in

259 1612 378 1647 altum
404 1611 456 1658 (of
475 1621 510 1655 p.
537 1612 583 1648 28
609 1621 645 1647 v.
673 1611 745 1657 22).

784 1871 843 1903 ῘΗΕ
861 1870 986 1901 usnam(
1003 1869 1042 1899 of
1060 1869 1114 1898 ΤΗΕ

792 1929 893 1978 mm(
917 1926 944 1975 7
957 1945 987 1955 -
1005 1924 1112 1974 1938

768 2006 1139 2037 ΠΝΝΕῆδΥΓΥὌΡ-ΠῌΝΟΙΚ
