1874 2826
950 275 997 309 44

323 378 489 416 Lemnus
534 389 637 416 sacra
681 380 781 421 erat,
823 379 912 416 olim
958 389 981 415 a
1023 380 1129 425 patre
1162 379 1358 416 furibundo
1395 380 1440 417 de
1479 390 1628 418 summo

323 447 479 492 Olympo
515 448 699 483 deiectum
730 457 753 482 a
789 446 956 483 Sintibus
995 447 1206 483 hominibus
1245 449 1421 483 sanatum
1458 457 1541 484 esse
1578 457 1627 484 ne

324 525 398 552 uno
434 515 582 560 quidem
616 515 729 551 verbo
766 517 1046 552 commemorat.
1083 515 1139 551 At
1171 517 1290 558 recte,
1327 514 1419 551 nihil
1454 525 1543 553 nam
1579 516 1627 553 ad

324 584 603 629 argumentum
623 582 797 627 pertinet.
835 582 955 627 Quam
989 592 1068 618 rem
1101 583 1140 618 in
1173 582 1286 619 Iliade
1323 583 1357 624 (1
1395 593 1404 617 :
1438 582 1526 630 590)
1559 593 1629 621 suo

324 652 401 688 loco
420 651 592 687 audimus
613 650 822 687 Vulcanum
848 650 984 687 referre
1010 651 1124 687 matri
1148 651 1369 687 suadentem
1393 659 1441 687 ne
1464 652 1628 697 omnipo-

325 719 420 755 tenti
455 718 534 755 Iovi
571 719 741 755 resistat:
780 727 821 755 se
849 719 949 754 enim
975 718 1110 754 misere
1136 718 1309 754 audaciae
1334 720 1465 755 tantae
1488 727 1631 764 poenas

324 787 479 824 dedisse.
508 786 691 823 Carminis
715 787 777 823 lex
801 789 842 823 et
866 787 962 823 ratio
986 796 1110 824 rerum
1134 787 1340 824 Homerum
1361 787 1430 823 hoc
1441 787 1630 824 illustrare

324 856 454 901 coegit,
468 857 513 891 ut
522 856 616 891 bene
629 855 728 891 Iovis
740 864 931 891 summum
945 855 1143 900 imperium
1154 855 1415 900 intelligamus.
1431 855 1475 891 In
1487 854 1627 890 Valerii

324 922 443 959 Flacci
480 924 742 968 Argonauticis
778 925 930 960 tantum
967 925 1027 959 est
1064 923 1215 960 doctum
1252 922 1557 967 additamentum,
1583 924 1631 958 ut

324 991 454 1027 doceat
490 989 565 1038 (res
601 991 745 1036 longius
783 1000 900 1036 aequo
933 990 1107 1038 repetita)
1142 991 1308 1027 Vulcano
1341 1000 1486 1027 sacram
1511 990 1630 1026 fuisse

325 1058 486 1094 insulam
524 1060 564 1094 et
596 1058 733 1095 incolas
758 1060 838 1094 tam
863 1068 972 1103 aegre
997 1058 1155 1095 Veneris
1181 1058 1351 1104 (Vulcani
1376 1057 1516 1104 uxoris)
1542 1067 1627 1094 cum

327 1127 445 1163 Marte
482 1127 722 1163 commissum
760 1127 982 1163 adulterium
1019 1127 1170 1173 tulisse,
1208 1128 1250 1162 ut
1292 1136 1398 1173 „arae
1422 1127 1456 1163 ei
1482 1134 1631 1171 semper

325 1195 478 1239 frigidae
503 1194 721 1231 steterint’'.
747 1195 848 1240 Quae
873 1205 985 1231 causa
1012 1195 1048 1240 1)
1072 1196 1145 1232 fuit
1156 1196 1287 1232 utiam
1300 1196 1363 1232 diu
1375 1196 1631 1241 abiispoenas

327 1272 474 1299 sumere
499 1263 750 1299 meditaretur.
785 1263 877 1299 Ecce
900 1263 977 1299 Dea
998 1264 1034 1308 2)
1056 1263 1226 1299 Lemnios
1246 1264 1405 1299 victores
1430 1263 1630 1299 redeuntes

325 1330 448 1365 videt:
474 1340 563 1365 nam
592 1331 695 1374 „dux
721 1331 851 1366 Lemni
875 1340 1018 1375 puppes
1039 1331 1143 1366 tenui
1166 1333 1363 1366 contexere
1384 1340 1502 1366 canna
1513 1339 1628 1365 ausus

324 1400 364 1433 et
388 1397 539 1434 inducto
563 1399 704 1433 cratem
728 1398 923 1434 defendere
948 1396 1074 1442 terg0”
1102 1396 1170 1444 (cfz
1186 1397 1271 1444 109)
1296 1398 1455 1434 Thraces
1480 1406 1630 1442 aggres-

325 1475 391 1500 sus
427 1466 520 1501 erat.
556 1464 730 1500 Valerius
762 1474 835 1500 non
868 1465 1034 1509 neglexit
1071 1465 1365 1501 animadvertere
1390 1465 1627 1500 Lemniorum

325 1531 473 1577 navigia
510 1532 652 1577 proprie
689 1532 804 1568 fuisse
829 1534 949 1575 rates,
974 1542 1022 1568 ne
1049 1534 1171 1569 totum
1196 1532 1340 1569 fabulae
1365 1533 1628 1577 argumentum

324 1600 426 1644 Argo
457 1600 574 1636 fuisse
599 1601 758 1645 primam
784 1609 940 1645 navem,
966 1601 1046 1644 ipse
1071 1600 1319 1645 redargueret.
1343 1600 1474 1636 Venus
1499 1601 1628 1636 autem

326 1667 372 1702 ad
395 1667 569 1708 Famam,
595 1668 670 1703 iam
695 1668 972 1713 impatientem,
998 1668 1072 1703 iam
1098 1677 1208 1703 aures
1233 1669 1437 1713 erigentem
1461 1667 1625 1703 festinat.

327 1734 521 1777 conferas,
546 1736 578 1771 si
589 1736 729 1781 placet,
744 1737 841 1771 hunc
855 1736 975 1771 locum
990 1736 1122 1771 veriori
1135 1739 1174 1771 et
1197 1736 1393 1780 pulchriori
1406 1735 1627 1780 expositioni

320 1859 357 1876 au
341 1849 414 1876 bara-5
430 1848 596 1882 ἀποβάντας
613 1859 646 1882 μι
642 1851 702 1883 ἐσγ
689 1853 773 1876 εσθαι
792 1850 882 1877 αὖα-αἳ
870 1860 902 1881 ις.
927 1854 962 1877 Σο
948 1854 1017 1885 consp
1000 1853 1069 1882 κλῆς
1089 1849 1152 1877 δὶέ
1155 1852 1324 1883 νΛημνίαις
1342 1850 1391 1876 κὶα
1409 1849 1523 1886 nixum
1514 1849 1585 1884 ι’νσχ
1570 1850 1635 1884 uphei·

320 1884 412 1916 αὑτὰς
430 1894 466 1911 σν
468 1884 554 1917 νίψαι
574 1886 669 1919 φησίν.

368 1924 565 1964 Argonautas
597 1933 616 1954 a
648 1905 826 1955 mulieribus
859 1924 981 1956 lascivis
1015 1926 1133 1957 coaetos
1165 1934 1231 1957 esse
1257 1924 1295 1956 ad
1326 1924 1466 1964 indignos
1494 1933 1628 1974 amores,

324 1967 486 2008 descriptio
507 1966 666 1999 fastidium
687 1976 810 1999 movens
831 1969 862 1999 et
884 1970 997 2000 taetra!

367 2012 444 2043 Rem
477 2010 574 2051 igitur
606 2011 640 2042 in
672 2010 830 2042 satiricum
862 2013 893 2043 et
926 2012 1073 2043 comicum
1107 2013 1319 2052 argumentum
1353 2012 1392 2044 ab
1414 2011 1630 2043 illustrissimis

323 2055 420 2096 poetis
443 2064 562 2087 versam
584 2063 651 2086 esse
673 2054 763 2086 facile
784 2054 976 2095 intelligitur.
1000 2055 1112 2087 Comici
1134 2064 1254 2095 quoque
1273 2055 1508 2096 Aristophanes,
1539 2055 1631 2088 Nico-

322 2100 444 2138 chares,
467 2098 663 2139 Antiphanes
685 2100 716 2130 et
738 2098 883 2138 Diphilus
905 2103 987 2134 Λημν
974 2100 1031 2131 νίας
1053 2098 1249 2138 scripserunt.

369 2156 403 2200 1)
433 2157 604 2198 Explicatio
625 2166 645 2188 a
666 2156 787 2188 Valerio
809 2156 881 2188 ficta
900 2156 1003 2188 minus
1025 2156 1132 2188 idonea
1153 2158 1200 2189 est
1217 2165 1268 2195 eo,
1286 2156 1366 2197 quod
1375 2157 1517 2190 mulieres
1533 2158 1631 2190 admi-

323 2202 437 2234 nistrae
456 2201 583 2233 Veneris
601 2201 700 2232 factae
717 2202 791 2232 sunt
808 2209 865 2232 nee
880 2209 937 2232 sua
948 2199 1075 2240 sponte
1066 2209 1127 2232 13111
1138 2201 1244 2240 agunt.
1267 2200 1406 2232 Valerius
1416 2201 1518 2233 minus
1527 2210 1633 2234 neces-

324 2245 404 2277 saria
422 2245 577 2286 adiunxit,
593 2244 696 2277 omisit
706 2253 785 2285 quae
796 2243 926 2276 maxime
938 2243 1153 2283 desideramus,
1166 2246 1201 2276 ut
1212 2244 1369 2286 apparebit
1380 2254 1414 2277 ex
1426 2245 1630 2287 sequentibus,

368 2304 402 2343 2)
424 2304 556 2344 Lessing
573 2313 634 2335 non
652 2305 734 2335 recte
752 2312 823 2343 pag.
847 2302 910 2334 112
930 2304 1008 2343 (cap.
1029 2302 1124 2342 VIII)
1137 2303 1215 2335 hanc
1225 2303 1351 2335 Veneris
1361 2305 1489 2336 taetram
1500 2304 1630 2344 speciem

324 2349 355 2379 et
377 2348 519 2379 scelestas
540 2349 658 2387 partes,
683 2355 760 2387 quas
782 2346 861 2386 agit,
882 2346 1025 2378 defendit.
1049 2346 1095 2378 De
1117 2346 1237 2379 Baccho
1256 2347 1294 2378 cf.
1306 2355 1377 2387 pag.
1391 2347 1454 2379 113
1465 2348 1547 2388 (cap.
1558 2347 1630 2387 IX).
