1874 2826
958 284 1005 321 48

384 392 506 429 Thoas
531 395 659 429 autem
686 393 912 439 „Taurorum
929 393 1028 430 locos
1048 393 1268 439 delubraque
1289 403 1402 431 saeva
1422 394 1561 431 Dianae
1573 393 1635 429 ad-

336 459 464 496 venit'’
492 459 587 506 (Val.
613 460 635 495 2
663 469 673 495 z
699 459 807 506 301),
842 461 905 497 ubi
937 461 1005 497 dea
1028 470 1116 497 eum
1139 470 1226 497 arae
1250 465 1426 498 cruentae
1449 461 1634 507 praefecit.

336 528 461 574 Pergit
498 527 686 564 Valerius:
728 538 852 574 „mora
886 539 955 566 nec
988 530 1098 566 terris
1130 530 1198 566 tibi
1223 529 1330 575 longa
1354 531 1536 571 cruentis,
1561 530 1636 566 iam

337 598 376 631 te
400 596 472 631 ciet
495 595 595 651 altus
619 596 667 631 ab
692 595 788 631 Alba
812 596 977 641 Iuppiter
1002 599 1042 632 et
1065 597 1132 633 soli
1156 605 1229 633 non
1255 596 1360 632 mitis
1392 596 1517 632 Aricia
1535 594 1636 641 regi”

339 663 571 708 (303—305).
610 663 761 701 Orestes
798 665 899 701 enim
935 667 975 701 et
998 665 1225 711 Hippolytus
1249 664 1432 710 imprimis
1457 664 1501 700 cf.
1515 665 1635 709 Verg.

337 732 432 767 Aen.
448 732 468 766 ’ἲ
483 741 492 766 :
507 731 576 766 761
589 758 598 773 ,
614 731 723 768 Paus.
738 732 777 768 in
789 732 1035 769 Corinthiacis
1047 742 1067 768 c
1081 733 1126 769 27
1140 743 1175 778 p.
1190 733 1272 778 280,
1287 732 1354 768 Ov.
1366 731 1472 768 Fasti
1484 732 1507 767 3
1522 741 1530 766 :
1546 730 1637 771 268,

337 799 361 834 6
384 811 392 833 :
417 799 486 835 731
497 824 509 843 ,
536 799 604 835 15:
620 800 692 836 497
718 799 892 837 dicuntur
913 800 1072 838 Dianam
1095 801 1288 839 Tauricam
1312 801 1351 837 in
1376 800 1522 837 Italiam
1540 801 1637 836 tran-

336 867 501 903 stulisse.
527 867 756 913 Hippolytus
780 878 925 914 nempe,
939 869 1071 906 Thesei
1083 870 1192 914 filius,
1205 870 1297 906 dolis
1308 877 1487 905 novercae
1499 877 1521 903 a
1533 869 1639 912 patre

337 935 467 980 pulsus
504 937 544 971 et
580 936 628 972 ab
665 935 770 981 equis
810 937 1059 974 consternatis
1099 946 1210 974 curru
1247 936 1412 973 deiectus
1448 935 1640 972 interierat

339 1003 406 1039 sed
430 1004 477 1039 ab
501 1004 723 1048 Aesculapio
747 1005 784 1040 in
809 1005 930 1041 vitam
954 1007 1150 1042 revocatus
1171 1005 1287 1042 noluit
1306 1004 1478 1049 inpatris
1489 1003 1639 1039 domum

339 1071 459 1107 redire
483 1071 549 1108 sed
573 1071 740 1108 Ariciam
765 1073 980 1118 emigravit,
1006 1073 1068 1110 ubi
1093 1073 1275 1119 templum
1293 1071 1434 1109 Dianae
1451 1071 1587 1112 erexit,
1600 1070 1638 1106 in

341 1140 447 1176 cuius
470 1149 621 1176 nemore
644 1141 848 1177 certamina
867 1142 1033 1178 instituit
1053 1151 1244 1179 servorum
1268 1141 1509 1186 fugitivorum
1521 1140 1640 1185 singu-

342 1208 433 1244 laria
457 1217 633 1254 eumque,
658 1209 722 1253 qui
746 1209 918 1254 superior>
935 1210 1186 1255 discessisset,
1209 1209 1437 1245 sacerdotem
1458 1211 1499 1244 et
1517 1216 1640 1253 regem

342 1285 426 1313 esse
462 1275 598 1324 voluit,
635 1276 750 1313 donec
785 1277 831 1314 ab
868 1277 941 1314 alio
976 1277 1196 1315 vinceretur.
1233 1278 1371 1323 Diana,
1409 1277 1516 1314 cuius
1548 1278 1641 1313 tem-

341 1345 445 1390 plum
469 1344 508 1380 in
533 1345 722 1381 Aventino
759 1347 859 1387 erat,
893 1346 990 1390 apud
1022 1346 1167 1391 plebem
1199 1345 1420 1390 praesertim
1444 1345 1482 1381 in
1506 1345 1641 1380 honore

342 1415 434 1450 erat.
473 1414 593 1450 Facile
616 1414 859 1460 intelligimus
884 1415 1042 1452 Dianam
1066 1415 1231 1460 Ariciae,
1256 1416 1489 1460 perveterem
1513 1413 1639 1455 deam,

343 1491 427 1518 esse
452 1483 713 1519 remotissimis
736 1483 965 1528 temporibus
989 1484 1138 1528 cultam,
1163 1493 1250 1520 cum
1269 1484 1438 1519 homines
1458 1482 1529 1518 diis
1549 1490 1642 1517 mac-

343 1550 514 1583 tarentur
550 1551 589 1583 et
625 1550 683 1584 vis
719 1550 881 1584 fortioris
918 1551 1080 1591 valeret,
1124 1559 1281 1591 eamque
1318 1549 1411 1582 nihil
1447 1556 1641 1581 commune

345 1613 478 1651 habere
514 1621 600 1648 cum
639 1612 759 1649 Diana
794 1613 948 1652 Taurica
984 1614 1058 1651 nisi
1097 1613 1276 1651 instituta
1313 1614 1353 1650 et
1386 1620 1532 1650 nomen.
1571 1610 1642 1650 Sed

346 1685 524 1731 perspicio
556 1683 793 1722 Valerianam
825 1687 1026 1723 rationem!
1068 1688 1369 1731 Argonautarum
1393 1687 1466 1720 iter
1489 1686 1643 1727 scriptor

346 1751 446 1782 tanti
479 1751 714 1782 existimavit
744 1753 787 1783 ut
824 1759 908 1784 eam
931 1752 1048 1784 totius
1072 1752 1301 1783 mercaturae
1325 1748 1503 1790 originem
1527 1747 1641 1781 fuisse

346 1813 499 1856 finxerit
523 1815 563 1855 et
590 1815 633 1855 ut
661 1815 799 1867 regioni
819 1816 917 1859 orbis
941 1819 1125 1860 terrarum
1145 1816 1378 1859 dominatrici
1394 1816 1521 1857 honori
1532 1816 1643 1858 fuerit

347 1891 436 1932 dea,
461 1890 566 1923 cuius
592 1890 762 1923 sacerdos
785 1898 834 1923 ex
858 1891 978 1923 insula
1002 1890 1161 1931 quadam
1174 1898 1246 1930 quo
1259 1889 1496 1929 Argonautae
1509 1895 1643 1920 navem

346 1952 575 1997 appulerint,
601 1952 648 1987 ad
672 1961 756 1988 eam
780 1952 1001 1997 confugerit!

396 2020 452 2053 Re
488 2018 602 2053 altius
638 2018 738 2054 iusto
769 2018 928 2075 repetita
958 2019 1043 2078 post
1071 2019 1131 2066 tot
1164 2015 1447 2067 lmumeffibllssss
1470 2015 1644 2076 fflllfflgffi

347 2100 501 2130 tandem
533 2099 705 2128 Valerius
732 2105 881 2126 narrare
905 2098 1026 2131 coepit
1048 2104 1142 2131 quae
1166 2097 1251 2130 post
1276 2095 1574 2129 Argonautarum
1597 2094 1644 2121 ad

348 2155 532 2187 Lemnum
566 2152 773 2186 adventum
805 2152 912 2196 gesta
945 2150 1033 2187 sint.
1058 2149 1187 2187 Denuo
1212 2156 1345 2197 magna
1369 2148 1407 2186 et
1433 2147 1550 2188 multa
1573 2147 1644 2188 dis·

348 2224 503 2266 crimina
539 2224 638 2265 inter
678 2223 868 2264 Valerium
905 2226 945 2263 et
980 2224 1216 2270 Apollonium
1252 2224 1473 2261 invenimus.
1512 2226 1646 2261 Omisit

349 2293 520 2326 Valerius
559 2293 758 2326 mulierum
795 2293 974 2325 terrorem
1011 2289 1097 2333 (Ap.
1136 2289 1251 2323 Rhod.
1290 2289 1388 2331 636),
1425 2298 1470 2323 ne
1508 2291 1644 2323 nautae

351 2356 509 2396 Thraces
541 2359 670 2396 essent
703 2355 865 2395 insulam
897 2355 1014 2394 classe
1038 2355 1174 2394 infesta
1198 2357 1379 2403 petentes.
1410 2357 1645 2404 Argonautas
