1874 2826
241 888 325 924 Iam
356 889 443 924 satis
476 888 537 924 diu
569 888 682 924 radiis
713 891 744 924 et
775 888 848 924 luce
884 888 992 924 nostri
1029 887 1120 924 Solis
1157 886 1313 924 Iustitiae
1341 888 1485 933 fructus

191 977 289 1001 sum.-
327 965 396 1001 alio
432 976 484 1000 me
511 966 597 1010 fata
635 968 763 1000 vocant.
812 965 952 1001 Partim
989 965 1098 1000 laetus
1135 969 1166 1000 et
1200 965 1319 1001 lubens
1338 964 1485 1000 valedico

192 1043 318 1080 Almae
350 1043 478 1087 Matri,
508 1044 642 1087 partim
675 1042 788 1079 dolore
825 1055 885 1079 nec
924 1044 999 1079 sine
1030 1047 1131 1089 yrata
1155 1043 1384 1079 recordatione
1407 1047 1486 1079 tem-

186 1121 289 1166 poris
315 1120 514 1165 praeteriti,
553 1131 619 1165 quo
656 1120 799 1165 eyreyiis
836 1113 1034 1156 lectionibus
1066 1124 1324 1164 praeceptorum
1360 1120 1488 1156 instrui

192 1199 279 1234 mihi
304 1198 401 1233 licuit
424 1208 484 1233 nec
508 1198 626 1232 minus
650 1198 891 1234 consuetudine
914 1197 1085 1233 sodalium
1108 1199 1169 1233 uti.

242 1275 415 1311 Abiturus
441 1278 554 1311 autem
579 1275 752 1318 inwprimis
778 1274 839 1310 tibi
863 1275 996 1319 ‚qratias
1008 1287 1086 1321 ayo,
1101 1275 1277 1311 carissime
1289 1275 1486 1321 Francken,

195 1353 295 1388 cuius
320 1364 432 1397 opem,
457 1356 496 1388 ut
520 1363 631 1396 nuper
656 1356 816 1396 expertus
840 1364 919 1388 sum
937 1354 975 1388 in
987 1353 1043 1389 his
1048 1353 1218 1397 primitiis
1231 1352 1485 1397 componendis,

192 1432 242 1468 ita
270 1443 337 1475 per
363 1435 468 1466 totum
493 1430 704 1465 curriculum
729 1430 842 1466 omnis
867 1431 957 1466 vitae
981 1430 1206 1466 Academicae
1229 1442 1362 1475 semper
1380 1442 1487 1475 para-

193 1512 264 1544 tam
288 1508 403 1544 habui.

244 1584 458 1630 Persuasum
494 1585 555 1620 tibi
590 1584 705 1620 habeto
741 1596 794 1620 me
833 1596 967 1629 semper
1003 1597 1141 1630 operam
1166 1598 1238 1622 esse
1262 1585 1425 1622 daturum
1449 1589 1489 1621 ut

194 1667 255 1700 tua
279 1663 489 1698 humanitate
513 1666 543 1697 et
567 1662 720 1697 doctrina
743 1662 841 1706 apud
863 1663 1034 1707 iuniores,
1057 1674 1164 1708 quam
1185 1664 1335 1699 maxime
1350 1667 1486 1707 potero,

192 1740 336 1788 diynum
360 1752 413 1776 me
431 1744 614 1785 praestem.

250 1818 351 1854 Vobis
376 1818 461 1853 viris
486 1818 688 1853 clarissimis
715 1816 917 1860 Opzoomer‚
943 1829 1010 1852 van
1034 1817 1261 1862 Herwerden,
1296 1819 1433 1863 Wv'nne
1457 1823 1489 1855 et

194 1907 262 1933 van
299 1896 360 1932 der
403 1896 512 1940 Wijch
533 1897 667 1941 yratias
691 1907 793 1940 quam
817 1895 992 1931 maximas
1017 1907 1080 1940 ayo
1098 1907 1167 1939 pro
1191 1897 1325 1942 eyreqia
1349 1897 1487 1933 institu-

194 1972 301 2017 tione,
327 1984 398 2018 qua
422 1973 539 2018 lonqos
557 1984 624 2018 per
648 1983 756 2007 annos
779 1971 872 2006 horis
894 1971 1352 2016 utilissimisetqratissimis
1364 1972 1486 2009 studia

195 2051 403 2087 humaniora
427 2063 480 2087 me
501 2051 673 2088 docuistis.

246 2127 342 2164 Tuas
366 2139 513 2174 quoque,
541 2128 749 2164 amicissime
772 2127 917 2169 Morell,
943 2131 1039 2173 yrato
1059 2128 1173 2163 animo
1186 2127 1341 2164 lectiones
1352 2140 1488 2174 semper

194 2205 413 2246 recordabor,
446 2206 570 2251 quibus
602 2207 671 2260 arti
701 2206 921 2242 Atheniensis
958 2206 1102 2242 civitatis
1127 2210 1157 2241 et
1183 2205 1349 2242 Graeciae
1372 2208 1484 2252 qentis

196 2284 386 2319 maximum
411 2283 564 2320 studium
589 2296 717 2320 navare
742 2295 795 2319 me
819 2283 1020 2320 adhortatus
1044 2295 1089 2320 es.
