1874 2826
953 262 1015 298 96..

372 368 455 405 Iam
479 378 604 405 amore
629 371 710 405 orto
734 368 838 404 dulce
863 377 1051 404 venenum
1074 368 1197 413 puella
1215 368 1324 404 venis
1344 369 1438 406 bibit
1458 372 1497 407 et
1510 370 1629 416 magis

323 437 517 483 magisque
562 438 731 481 aestuat,
778 445 850 472 non
890 445 999 472 suam
1035 436 1101 473 sed
1138 435 1280 472 Iasonis
1317 439 1459 474 sortem
1495 447 1629 475 curans

324 505 531 541 432—470.
564 533 567 536 ⁴

374 573 607 609 Redeuntem
631 572 678 608 ad
702 572 820 609 socios
843 572 1013 609 Iasonem
1037 572 1163 618 Argus
1183 573 1401 610 adhortatur
1414 572 1628 619 Chalciopes

322 641 502 677 auxilium
530 641 722 686 invocare,
751 650 846 685 quae
883 641 1033 678 Medeae
1052 642 1278 695 xveneticae,
1312 642 1478 678 Hecatae
1510 642 1626 687 filiae,

322 708 447 745 Persis
480 707 633 745 monitis
666 707 815 754 doctae,
844 708 1065 754 persuadeat
1097 711 1142 746 ut
1167 709 1290 747 Iasoni
1314 709 1496 747 auxilium
1519 709 1625 747 ferat.

322 777 430 814 Iason
475 777 644 822 agnoscit
694 778 761 814 hoc
798 777 992 814 consilium
1027 779 1218 823 egregium
1254 778 1404 823 quidem
1440 787 1524 815 esse
1561 778 1626 814 sed

322 846 572 891 magnanimis
596 846 720 883 verbis
745 848 904 891 questus
927 846 1007 892 est,
1032 847 1104 883 487
1131 856 1228 892 seq.:

719 913 826 955 μελέη
850 926 893 955 γε
917 914 981 956 μὲν
1005 915 1083 956 ἡμῖν
1106 913 1215 958 ὄρωρεν

546 981 694 1027 ἐλπωρῆ,
721 980 777 1017 ὅτε
800 980 910 1017 νόστον
935 964 1229 1027 ἐσι-ιἰ’ροιπο’μ,εα·ὃ”αι4
1246 980 1405 1026 γυναιξίκ.

374 1050 455 1086 Hoc
478 1051 556 1085 loco
579 1060 653 1086 non
677 1051 839 1086 alienum
863 1052 955 1086 mihi
980 1052 1130 1087 videtur
1153 1061 1236 1087 esse
1262 1052 1309 1087 de
1329 1052 1448 1088 indole
1473 1054 1513 1087 et
1525 1052 1629 1087 mori-

324 1117 395 1153 bus
434 1116 577 1153 Iasonis
614 1117 788 1154 nonnulla
824 1118 995 1164 proferre.
1032 1117 1186 1164 Semper
1220 1119 1267 1155 ab
1290 1119 1448 1165 egregiis
1472 1118 1629 1165 ingeniis

324 1187 463 1222 criticis
488 1186 696 1232 (Weichert
720 1187 812 1223 iiber
835 1188 931 1232 App.
958 1188 1095 1233 Rhoe„
1121 1188 1238 1225 Couat
1261 1187 1298 1223 la
1319 1188 1441 1232 poesie
1465 1187 1628 1223 Alexan-

323 1254 446 1298 drine,
470 1254 632 1300 Mahaffy
657 1254 719 1291 Gr.
747 1254 809 1291 life
830 1255 904 1292 and
924 1255 1098 1303 thought)
1123 1255 1315 1301 Apollonio
1340 1254 1503 1292 vertitur
1514 1254 1626 1298 vitio,

323 1323 421 1367 quod
457 1332 531 1359 non
569 1323 673 1358 ducis
709 1326 844 1359 natura
880 1326 921 1360 et
956 1324 1160 1360 virtutibus
1196 1324 1447 1368 Argonautica
1479 1332 1626 1358 carmen

322 1392 546 1437 perpetuum
584 1393 624 1427 et
660 1391 754 1427 bene
790 1390 989 1427 cohaerens
1024 1390 1124 1427 facta
1161 1392 1263 1427 sunt.
1299 1389 1399 1427 Num
1431 1389 1554 1426 Ulixis
1587 1390 1626 1426 in

324 1459 492 1504 Odyssea
529 1468 676 1503 semper
712 1457 817 1495 filum
850 1461 891 1495 et
921 1458 1111 1495 vinculum
1145 1460 1206 1495 est
1237 1459 1449 1504 argumenti
1481 1458 1626 1503 ipsius?

324 1525 386 1562 ille
423 1535 566 1571 quoque
605 1528 664 1562 tot
700 1526 912 1562 discrimina
947 1535 1102 1572 passus,
1139 1535 1296 1571 quorum
1331 1526 1502 1571 pleraque
1531 1526 1626 1562 tales

324 1594 570 1639 digressiones
619 1597 710 1631 sunt
758 1594 885 1639 quales
932 1595 1234 1640 Argonautarum
1277 1604 1380 1631 mora
1424 1595 1462 1631 in
1506 1594 1627 1630 insula

323 1662 483 1706 Lemno,
522 1661 700 1706 proelium
737 1671 823 1697 cum
856 1661 1048 1706 Cyzicenis
1072 1663 1180 1698 nocte
1203 1662 1433 1706 intempesta
1456 1662 1625 1698 commis-

325 1739 430 1774 sum,
468 1729 570 1764 lucta
605 1729 763 1765 Pollucis
799 1731 839 1764 et
875 1729 1030 1774 Amyci,
1067 1739 1090 1765 a
1126 1729 1196 1765 diis
1233 1731 1273 1765 et
1306 1729 1444 1765 deabus
1476 1729 1625 1766 adiutus

324 1797 386 1832 est
410 1798 451 1832 et
475 1796 602 1831 unitas
626 1795 744 1831 totius
768 1795 862 1840 epici
885 1795 1059 1831 carminis
1083 1796 1192 1831 tanta
1214 1797 1275 1831 est
1295 1798 1340 1832 ut
1359 1795 1478 1831 adhuc
1496 1795 1624 1832 doctis-

325 1864 412 1901 simi
450 1863 521 1900 vir1
559 1863 724 1899 maximo
761 1862 884 1899 studio
919 1864 959 1899 et
994 1863 1115 1899 labore
1152 1862 1356 1909 odysseam
1390 1863 1551 1900 dividere
1584 1864 1623 1901 in

323 1934 474 1969 nativas
497 1934 625 1978 partes
645 1933 835 1967 conentur.
862 1931 954 1975 Quid
974 1931 1202 1966 censendum
1212 1931 1258 1967 de
1270 1930 1405 1967 fabulis
1415 1931 1463 1966 ad
1475 1931 1624 1967 Aeneae

324 2009 468 2037 errores
500 1998 792 2046 pertinentibuS,
827 1999 890 2035 ubi
922 1998 973 2043 pii
997 1999 1166 2042 Aeneae,
1202 1999 1266 2044 qui
1289 1999 1440 2036 tantum
1473 1998 1624 2036 deorum

323 2068 511 2104 vaticiniis
535 2067 770 2113 propellitur,
796 2066 967 2111 languido
991 2069 1032 2102 et
1052 2066 1157 2103 tardo
1176 2066 1322 2110 ingenio
1339 2065 1439 2102 nulla
1451 2067 1624 2102 carminis

322 2137 449 2173 unitas
486 2135 754 2173 constituitur?
791 2134 893 2179 Quod
931 2144 1059 2171 eorum
1095 2134 1302 2172 carminum
1337 2134 1475 2180 origine
1508 2134 1624 2180 expli-

323 2205 482 2241 candum
516 2207 587 2242 est.
624 2205 665 2240 In
701 2204 851 2240 exordio
884 2204 960 2239 iam
995 2204 1121 2240 monui
1145 2205 1405 2249 argumentum
1428 2204 1551 2249 ipsum
1576 2203 1623 2239 ad

324 2275 556 2310 mercaturae
581 2272 749 2310 studium
773 2271 985 2317 Minyarum
1008 2272 1048 2307 et
1072 2271 1261 2308 maritima
1279 2271 1413 2308 itinera
1435 2273 1621 2317 spectare,

324 2340 455 2377 deinde
479 2340 685 2378 fabularum
711 2339 1044 2377 contrahendarum
1069 2340 1255 2385 cupidine,
1280 2349 1353 2385 qua
1377 2349 1449 2377 non
1475 2349 1536 2377 res
1557 2340 1622 2376 sed
