1874 2826
885 285 930 323 21

312 390 401 436 Igne
426 400 447 428 e
471 392 586 429 sacris
609 392 810 430 femoribus
834 396 983 440 exorto,
1009 391 1139 430 Idmon
1164 393 1405 437 vaticinatur,
1431 392 1476 429 de
1488 402 1561 437 quo

262 458 339 495 iam
364 458 536 497 diximus.
557 460 653 497 Tum
677 461 752 498 sole
772 461 860 498 iam.
873 462 912 498 in
936 461 1164 498 occidentem
1191 461 1390 506 vergente,
1417 460 1500 505 alga
1522 461 1562 497 et

262 526 359 563 foliis
382 537 492 574 prope
516 538 653 565 navem
677 529 809 566 stratis
829 538 880 566 ex
899 530 1026 567 ordine
1037 529 1287 566 discumbunt.
1301 528 1422 573 Iason,
1437 537 1561 573 quam-

263 604 376 640 quam
411 596 486 632 dux
520 597 674 633 minime
697 597 863 634 incertus
886 599 946 634 est
971 600 1012 634 et
1035 598 1188 640 dubius,
1214 607 1264 633 an
1288 597 1362 633 iter
1384 606 1458 633 non
1482 605 1564 642 per-

263 663 379 707 ficiat,
405 664 582 701 sollicitus
605 667 733 702 tamen
757 665 876 702 volvit
899 666 1023 702 animo
1043 666 1168 702 omnia
1191 665 1353 711 pericula
1380 665 1495 701 maris
1520 667 1561 701 et

261 733 418 769 viarum.
444 733 560 777 Quem
585 743 722 778 magna
740 742 831 770 voce
851 733 1021 779 obiurgat
1040 733 1143 777 Idas,
1164 734 1228 778 qui
1242 733 1374 770 Bacchi
1386 733 1497 770 latice
1509 733 1564 769 in-

262 799 477 836 flammatus
488 799 586 836 Deos
598 799 780 836 offendere
792 810 907 837 ausus
919 804 990 838 est.
1003 801 1112 838 Iason
1124 802 1171 837 ab
1184 811 1227 837 eo
1238 802 1368 837 irrisus
1380 800 1562 837 ultionem

262 869 424 906 Deorum
460 870 634 907 minatur.
667 870 803 907 Rixam
835 869 1096 916 procedentem
1121 869 1210 905 socii
1234 868 1384 914 placant
1407 869 1563 906 monitis

263 941 305 976 et
316 937 483 984 Orpheus
491 939 669 983 originem
680 939 809 975 mundi
820 948 957 975 canens
972 937 1019 983 1).
1037 937 1162 973 Prima
1173 936 1253 973 luce
1265 936 1454 982 splendido
1467 937 1561 983 sole,

261 1007 357 1044 mari
380 1009 493 1052 atque
517 1016 620 1043 sacra
643 1007 752 1043 navis
776 1007 881 1044 trabe
905 1014 1040 1052 magno
1066 1005 1224 1042 clamore
1243 1004 1504 1042 insonantibus
1517 1007 1564 1042 ut

263 1077 414 1118 abeant,
438 1075 572 1111 faustis
596 1075 783 1111 ominibus
807 1084 980 1111 ancoram
1004 1074 1156 1110 solvunt
1181 1074 1389 1110 306-525.

312 1142 500 1179 Valerium
511 1142 721 1179 adulatione
733 1142 772 1179 in
784 1142 987 1188 principem
999 1140 1161 1189 (5—21),
1170 1141 1387 1178 interventu
1400 1141 1561 1178 Deorum

265 1210 346 1256 (91,
374 1209 597 1257 113-120),
622 1211 767 1255 pictura
792 1211 947 1246 mirifica
970 1211 1080 1247 navis
1103 1211 1229 1254 Argus
1250 1210 1454 1255 descripta,
1480 1210 1564 1246 dolo

262 1277 404 1315 Iasonis
428 1276 670 1325 (156—183),
694 1277 863 1323 precibus
878 1277 1011 1315 timidi
1035 1279 1075 1314 et
1088 1277 1294 1315 dubitantis
1307 1277 1412 1314 ducis
1424 1276 1561 1323 (194—

263 1345 368 1393 204),
394 1346 556 1382 sinistris
580 1347 620 1382 et
639 1346 746 1391 vagis
757 1346 945 1382 vaticiniis
958 1344 1201 1393 (205-240),
1215 1346 1380 1382 adventu
1394 1345 1563 1383 Chironis

263 1416 304 1450 et
339 1413 493 1449 Achillis
519 1412 738 1461 (255—270)
765 1414 821 1460 2),
847 1414 951 1450 ducis
977 1414 1120 1450 somnio
1142 1414 1386 1461 (300-315),
1412 1414 1563 1450 omissis

263 1483 411 1528 deinde,
448 1476 542 1527 quae
577 1482 615 1518 in
651 1482 836 1527 Apollonii
872 1482 1004 1519 Rhodii
1029 1482 1192 1518 carmine
1218 1483 1311 1519 bene
1337 1492 1378 1518 se
1404 1483 1561 1528 habent,

263 1550 370 1595 longo
401 1550 564 1595 catalogo
594 1549 831 1595 interposito,
852 1549 948 1594 quod
973 1550 1109 1586 vitium
1134 1551 1400 1596 gravissimum
1426 1551 1563 1595 profec-

263 1618 404 1655 tionem
439 1617 560 1663 ipsam
596 1617 852 1663 interrumpit,
884 1620 1149 1663 argumentum
1183 1619 1297 1656 nimis
1322 1619 1498 1656 dilatasse
1523 1621 1565 1656 et

264 1687 361 1723 male
394 1696 473 1723 rem
502 1695 610 1722 suam
634 1686 754 1732 egisse
778 1685 955 1722 dixerim!
981 1685 1152 1722 Iasonem
1176 1687 1309 1723 deinde
1328 1687 1504 1723 timidum
1524 1689 1565 1723 et

263 1755 417 1792 dubium
453 1756 494 1791 et
529 1754 743 1800 plerumque
769 1753 865 1790 Deos
898 1754 1066 1799 precibus
1089 1754 1264 1801 fatigare,
1303 1755 1562 1802 cognovimus;

263 1832 358 1867 quae
393 1824 499 1868 plura
534 1824 579 1859 de
616 1832 659 1859 eo
691 1822 872 1866 proferam
903 1823 1035 1858 nescio.

312 1892 369 1928 At
391 1892 607 1938 Apollonius
625 1891 756 1927 ducem
779 1890 1002 1936 intrepidum
1023 1899 1141 1935 neque
1154 1890 1390 1928 dubitantem
1403 1900 1562 1937 eumque

264 1960 448 2005 stipatum
471 1969 495 1996 a
518 1959 660 1996 civibus
685 1959 953 2000 maerentibus,
968 1967 1105 2002 ,carum
1124 1958 1311 1994 maximae
1331 1961 1425 1995 natu
1443 1963 1562 1995 ‘sacer-

264 2028 361 2074 doti,
386 2038 410 2064 a
434 2030 573 2074 matre,
599 2028 659 2064 cui
681 2027 908 2064 educationis
932 2027 1096 2073 praemia
1107 2028 1212 2072 grato
1224 2027 1348 2064 animo
1369 2029 1409 2063 et
1420 2027 1563 2072 pietate

263 2096 495 2139 reddidisset,
520 2096 715 2142 defletum,
742 2096 1010 2141 pulchritudine
1035 2096 1074 2131 et
1098 2095 1288 2140 splendore
1300 2095 1368 2131 deo
1381 2096 1563 2140 similem,

263 2164 473 2200 ascendisse
492 2173 628 2200 navem
640 2164 818 2200 venustis
824 2163 993 2201 versibus
1005 2163 1178 2199 narravit.
1192 2161 1389 2199 Praeterea
1401 2163 1563 2199 Alexan-

308 2249 341 2289 1)
374 2249 460 2287 Quod
490 2250 652 2282 admodum
685 2251 851 2291 Orphicum
884 2252 939 2283 est.
973 2251 1017 2282 Eo
1050 2250 1136 2282 modo
1170 2249 1277 2290 incipit
1310 2250 1347 2281 de
1376 2250 1566 2291 Argonautis

263 2312 385 2336 carmen
407 2303 592 2346 Orphicum,
614 2304 694 2345 quod
715 2306 825 2337 exstat.

308 2354 344 2399 2)
365 2356 476 2388 Melius
497 2357 570 2389 fecit
591 2358 694 2398 Apoll.
718 2358 784 2390 554
807 2367 870 2399 seq.
