1874 2826
903 247 957 283 56-

274 356 455 391 constare.
490 355 633 399 Ubique
666 356 794 390 autem
820 354 990 390 homines
1014 354 1191 399 navigare
1216 356 1427 400 terramque
1450 357 1578 394 floren·

274 422 434 459 tissimis
457 424 609 459 urbibus
634 424 802 467 opertam
826 431 910 458 esse
931 422 1011 467 ipse
1031 422 1128 459 dixit
1148 421 1335 459 Valerius:
1357 433 1493 467 quaero
1510 426 1579 461 hoc

274 500 420 536 quoque
444 492 537 533 loco,
568 500 660 526 num
686 490 887 527 verisimile
914 491 965 526 sit
991 492 1092 536 Argo
1116 490 1233 527 fuisse
1257 491 1418 536 primam
1442 501 1579 529 navem

275 559 532 596 maritimam?
576 559 756 595 Diodorus
793 559 961 604 quidem,
1001 568 1113 603 quem
1149 559 1321 600 Valerius
1356 560 1396 595 in
1431 559 1501 595 hac
1538 570 1578 597 re

275 627 447 664 imitatus
472 629 549 672 est,
578 627 736 663 totidem
759 627 884 663 verbis
908 626 1100 663 affirmans
1125 628 1295 664 homines
1315 628 1426 663 antea
1437 627 1580 664 ratibus

276 696 333 731 uti
355 695 468 731 solere
489 704 562 731 non
585 695 738 731 offendit
762 695 956 738 lectorem,
982 696 1079 740 quod
1103 697 1162 733 tot
1185 695 1334 733 urbium
1356 693 1467 743 (quae
1488 698 1578 732 sunt

276 763 439 808 ingentis
472 763 684 799 commercii
721 762 913 809 indicium)
939 763 1152 800 nominibus
1178 763 1328 801 omissis
1352 764 1514 800 breviter
1538 766 1580 800 et

276 830 492 875 simpliciter
529 831 575 867 de
612 831 842 875 Argonautis
878 830 1039 867 fabulam
1075 832 1260 868 narravit:
1286 841 1381 875 quae
1405 832 1500 868 ratio
1523 840 1578 867 se-

274 899 436 935 cundum
460 901 541 935 tam
565 900 700 935 remoti
726 901 766 939 et
791 899 894 935 rudis
918 900 1097 944 temporis
1122 899 1388 945 proprietatem
1411 901 1482 935 est.

323 967 379 1003 At
415 967 632 1012 Apollonius
667 966 737 1003 alio
767 966 874 1002 modo
898 975 979 1002 rem
1005 967 1192 1003 tractavit.
1218 966 1357 1003 Statim
1383 967 1484 1003 enim
1509 976 1579 1003 nos

275 1035 383 1071 docet
411 1035 490 1079 regi
523 1035 750 1070 adulescenti
783 1042 898 1069 uxore
923 1042 1040 1078 nuper
1064 1034 1214 1070 domum
1238 1033 1349 1070 ducta
1374 1034 1578 1070 secundum

275 1103 465 1139 oraculum
489 1102 672 1147 quoddam
693 1102 900 1138 cavendum
914 1110 998 1137 esse
1008 1128 1018 1144 ,
1030 1111 1078 1137 ne
1091 1111 1176 1138 cum
1187 1100 1387 1146 peregrinis
1399 1101 1579 1146 proelium

275 1170 498 1206 committat.
524 1169 699 1205 Diversas
724 1170 833 1205 navis
856 1171 1040 1207 stationes
1064 1171 1340 1217 (argumentum
1357 1171 1468 1211 enim,
1482 1171 1579 1215 quod

275 1247 480 1282 numquam
495 1237 711 1283 Apollonius
728 1238 967 1283 obliviscitur,
984 1240 1044 1274 est
1056 1239 1128 1275 iter
1140 1238 1385 1285 maritimum)
1398 1239 1579 1283 quomodo

275 1307 411 1341 nautae
449 1308 596 1341 mutare
634 1306 795 1350 soleant,
822 1307 950 1341 narrat
975 1308 1093 1350 poeta.
1123 1305 1176 1341 De
1201 1307 1280 1351 via,
1307 1306 1427 1350 qualis
1451 1306 1580 1342 futura

275 1374 343 1419 sit,
369 1374 574 1418 interrogat
599 1372 706 1409 Iason
728 1375 969 1418 montemque
989 1373 1216 1419 Dindymum
1228 1375 1453 1412 ascenditut
1464 1375 1578 1411 latius

274 1443 459 1486 regionem
496 1441 778 1485 circumspiciat.
814 1441 933 1485 Quam
967 1441 1148 1476 rationem
1182 1442 1362 1478 usitatam
1388 1443 1576 1483 omnibus,

275 1509 338 1553 qui
362 1508 401 1544 in
426 1508 552 1554 ignota
577 1509 695 1544 maria
719 1509 791 1544 iter
809 1509 997 1554 suscipere
1017 1508 1174 1553 audent,
1188 1518 1261 1545 non
1275 1511 1579 1547 commemoravit

274 1577 462 1622 Valerius,
500 1586 726 1621 quamquam
762 1577 873 1612 finxit
901 1576 1138 1621 Argonautas
1169 1577 1307 1622 primos
1341 1588 1437 1615 nave
1471 1579 1580 1615 mari-

274 1645 369 1681 tima
407 1654 496 1681 usos
527 1646 631 1681 esse!
674 1645 889 1690 Apollonius
919 1644 1140 1690 Gigantum,
1171 1646 1294 1690 gentis
1330 1647 1579 1684 ferocissimae

275 1715 315 1749 et
360 1714 399 1749 in
445 1713 617 1749 ulteriore
655 1714 814 1758 regionis
850 1715 956 1758 parte
992 1713 1196 1749 habitantis
1233 1714 1432 1760 excidium,
1482 1715 1579 1759 quod

275 1781 447 1818 Valerius
471 1781 618 1827 omisit,
644 1782 820 1818 narravit.
846 1782 1002 1818 Ratione
1015 1781 1210 1827 temporis,
1225 1791 1297 1826 quo
1309 1783 1423 1818 maris
1436 1783 1579 1819 accolae

274 1850 384 1895 primi
408 1851 619 1885 mercatura
643 1851 682 1885 et
706 1850 806 1893 pacis
832 1850 975 1886 artibus
997 1849 1132 1886 eruditi
1154 1850 1233 1886 sint
1253 1859 1447 1895 moresque
1460 1851 1578 1896 leniti,

275 1919 401 1954 habita
432 1917 676 1961 intelligimus
710 1917 888 1961 proelium
922 1927 1007 1953 cum
1041 1916 1263 1962 Gigantibus
1295 1918 1438 1955 factum
1461 1928 1580 1954 unum

275 1995 357 2022 esse
395 1995 416 2021 e
454 1984 603 2029 multis,
638 1984 734 2028 quod
767 1984 915 2029 Minyae
939 1985 1137 2029 navigandi
1162 1985 1285 2022 studio
1309 1986 1426 2022 maria
1450 1995 1579 2030 perva-

275 2056 406 2098 gantes
443 2053 525 2089 aliis
556 2053 594 2089 in
631 2051 742 2088 terris
777 2061 862 2088 cum
887 2052 1037 2088 incultis
1061 2053 1234 2098 gentibus
1258 2053 1510 2089 commiserint
1533 2054 1580 2090 ad

275 2122 375 2159 viam
411 2123 560 2167 praeter
596 2120 705 2157 litora
738 2119 977 2156 muniendam
1011 2120 1193 2164 urbesque
1226 2120 1444 2157 condendas.
1478 2121 1578 2165 Quae

274 2199 333 2225 res
370 2190 508 2233 optime
543 2188 718 2224 convenit
754 2187 920 2230 fabulae,
956 2196 1049 2231 quae
1087 2187 1132 2223 de
1158 2187 1307 2223 coloniis
1336 2188 1529 2232 aliquando
1555 2199 1578 2225 a

274 2257 408 2303 Minyis
433 2256 600 2293 deductis
625 2255 791 2292 nonnihil
816 2256 855 2291 in
880 2254 1097 2292 memoriam
1122 2258 1282 2292 revocat.
