1874 2826
480 787 517 825 0.
568 785 698 824 Valeri!
723 785 842 824 ΗιοαΙ
867 784 1130 831 munuum
1156 784 1242 823 ntor
1266 784 1410 823 sexum.

343 904 442 940 Mars
453 905 571 948 primo
582 904 733 944 dubius,
759 912 852 947 quas
864 903 982 948 acies,
1002 912 1096 947 quae
1108 905 1229 938 castra
1240 903 1418 946 sequatur
1429 910 1595 946 pugnam

294 971 531 1018 praecipitat,
567 971 631 1008 ubi
666 970 810 1007 audivit
834 970 985 1007 Persem
1008 970 1149 1015 legatos
1173 970 1378 1006 missurum
1402 977 1504 1015 esse,
1530 969 1595 1014 qui

295 1040 532 1084 Argonautas
557 1049 647 1076 suae
671 1039 875 1076 voluntatis
899 1041 938 1076 et
961 1039 1101 1075 fraudis
1125 1038 1276 1084 tyranni
1300 1039 1488 1074 moneant.

346 1106 525 1144 Versibus
550 1108 598 1144 33
623 1116 707 1152 seq:

418 1176 515 1212 Hinc
539 1186 608 1221 age
632 1176 796 1221 Rhipaeo
820 1185 912 1219 quos
936 1176 1073 1212 videris
1097 1177 1183 1212 orbe
1206 1176 1368 1221 furores,

418 1242 526 1279 Musa
549 1252 678 1280 mone:
704 1245 844 1288 quanto
867 1242 1057 1288 Scythiam
1082 1243 1270 1294 molimine
1295 1243 1428 1280 Perses

419 1312 610 1354 concierit,
637 1312 721 1357 quis
744 1312 865 1348 fretus
889 1312 993 1357 equis
1016 1322 1081 1357 per
1105 1312 1199 1349 bella
1222 1313 1397 1356 virisque.

298 1379 468 1416 Valerius
511 1381 648 1417 iterum
682 1380 845 1426 aperuit,
884 1389 975 1424 quas
1008 1389 1067 1416 res
1098 1379 1283 1425 imprimis
1316 1379 1464 1425 dignas,
1501 1389 1595 1424 quas

297 1452 464 1494 caneret,
486 1451 665 1485 censeret.
691 1448 825 1485 Omnia
835 1457 1039 1489 armorum,
1053 1448 1385 1490 vestimentorum,
1398 1448 1595 1484 vulnerum

297 1523 455 1559 genera,
478 1524 621 1561 pugnas
644 1518 684 1552 et
708 1515 840 1553 caedes
859 1515 1022 1553 variatas
1041 1515 1254 1561 descripsit,
1280 1515 1370 1552 dum
1390 1525 1594 1552 armamen-

298 1583 436 1620 tarium
457 1584 603 1628 epicum
623 1575 841 1621 vacuefacit.
866 1584 974 1621 Liber
986 1588 1116 1620 sextus
1127 1584 1251 1629 potius
1262 1584 1446 1620 rheton‘ca
1458 1585 1596 1620 exerci-

299 1650 394 1688 tatio
418 1653 479 1687 est
501 1651 549 1687 ad
573 1651 754 1688 horrenda
779 1651 873 1688 bella
894 1651 1075 1697 canenda,
1095 1660 1207 1696 quam
1227 1651 1363 1696 dignus
1383 1652 1447 1696 qui
1460 1652 1596 1697 publici

297 1719 388 1755 iuris
419 1720 498 1756 fiat.
535 1719 746 1756 Verisimile
771 1729 855 1756 esse
879 1720 971 1757 mihi
995 1720 1157 1765 videtur,
1183 1718 1376 1756 Valerium
1400 1720 1470 1756 hoc
1493 1729 1597 1765 proe-

298 1787 390 1824 lium
410 1788 610 1825 inseruisse
630 1790 675 1825 ut
686 1789 867 1834 posterior
878 1788 1052 1825 carminis
1064 1797 1148 1834 pars
1158 1787 1315 1826 Aeneidi
1328 1787 1461 1824 similis
1473 1790 1599 1835 esset⁷

297 1865 371 1900 qua
382 1855 570 1901 Vergilius
589 1856 683 1893 bella
702 1857 750 1893 ab
761 1857 890 1893 Aenea
903 1866 989 1893 cum
1000 1856 1136 1893 Italicis
1147 1855 1290 1900 populis
1303 1858 1429 1901 gesta,
1451 1857 1598 1893 cecinit.

345 1923 427 1961 Vae
463 1925 640 1972 tempori,
679 1925 776 1971 quod
809 1925 884 1962 tale
917 1925 1005 1970 quid
1029 1924 1209 1969 laudavit,
1248 1932 1318 1960 vae
1341 1925 1494 1970 poetae,
1532 1924 1596 1969 qui

296 1993 384 2030 talis
408 1994 524 2031 studii
547 1994 757 2039 aequalium
782 2003 935 2030 suorum
959 1994 1082 2030 fautor
1105 2001 1186 2028 esse
1210 1992 1348 2028 voluit!
1373 1992 1474 2028 Num
1494 1992 1597 2036 quid-

296 2070 410 2105 quam
442 2062 489 2098 ad
521 2063 632 2099 huius
656 2062 749 2109 epici
773 2062 949 2099 carminis
973 2063 1231 2108 argumentum
1255 2061 1380 2106 ipsum
1404 2061 1597 2107 pertinet?

296 2129 336 2165 Si
369 2130 502 2167 Perses
526 2132 669 2168 Aeetae
694 2131 817 2176 copias
841 2134 881 2168 et
904 2131 1141 2175 Argonautas
1163 2130 1413 2174 profligasset,
1452 2130 1598 2166 Iasonis

296 2197 385 2233 socii
420 2200 489 2235 aut
524 2199 740 2245 interempti
777 2198 896 2235 vellus
932 2207 1087 2235 aureum
1123 2198 1160 2234 in
1198 2196 1391 2234 Graeciam
1423 2197 1598 2235 reducere

296 2273 370 2301 non
394 2266 606 2310 potuissent
625 2270 693 2304 aut
713 2266 845 2303 Perses
866 2276 935 2303 sua
947 2269 1079 2312 sponte
1092 2266 1224 2303 cedens
1237 2267 1277 2301 et
1289 2265 1428 2302 donum
1440 2266 1598 2303 offerens

296 2340 462 2368 amorem
485 2333 636 2370 Medeae
657 2337 698 2371 et
716 2333 860 2371 Iasonis
871 2335 1018 2372 irritum
1030 2333 1255 2371 reddidisset.
1270 2333 1457 2371 Proelium
1469 2337 1597 2372 autem

297 2409 413 2445 aequo
437 2400 555 2437 Marte
580 2403 821 2440 commissum
845 2403 995 2450 longum
1007 2405 1046 2440 et
1065 2403 1194 2440 inutile
1215 2402 1514 2440 additamentum
1526 2404 1597 2441 est.
