1874 2826
817 307 889 343 107

250 414 409 450 Medeae>
429 417 558 451 autem
582 423 644 450 cor
667 415 707 451 in
731 416 878 460 pectore
904 416 1050 452 turbato
1074 416 1285 461 agitabatur
1309 416 1354 450 ut
1378 414 1503 450 radius

201 491 250 518 ex
282 491 378 528 aqua
404 492 644 529 repercussus
668 483 707 519 in
732 482 883 519 aedibus
906 484 1064 520 resultat
1089 482 1316 530 (755-760)
1336 483 1377 519 et
1401 482 1504 520 dubi-

200 551 307 587 tante
330 551 438 589 modo
462 554 590 588 utrum
615 550 861 587 medicamina
885 551 1098 588 delinientia
1122 552 1187 588 det
1205 560 1335 592 necne,
1361 551 1402 587 et
1421 550 1504 594 ipsa

199 620 347 663 pereat,
373 620 480 656 modo
500 628 550 655 an
567 621 680 664 neget
691 620 731 655 et
743 618 869 663 quiete
882 628 993 655 suum
1004 618 1165 664 perferat
1177 619 1339 665 malum,
1361 617 1503 665 praefe-

200 686 355 723 rendum
379 687 530 724 videtur
553 686 712 722 dedecus
736 695 848 722 suum
872 688 913 722 et
936 686 1076 723 Iasonis
1100 687 1211 723 salus.
1237 686 1376 723 Deinde
1401 695 1501 730 mag·

199 755 351 791 nanima
373 755 495 800 puella
519 754 708 791 exclamat
732 752 849 797 ἐρρέτω
875 752 991 793 αἰδώς,

446 820 561 865 ἐρρέτω
588 820 728 863 ἀγλαΐη·
753 819 773 855 3
794 820 825 856 δ’
852 821 920 865 ἐμῇ
946 820 1047 862 ἰότητι
1075 820 1231 861 ἶσαωθεὶς

446 888 616 930 ἀσκηθής,
643 887 696 924 ἵνα
720 888 749 923 οἱ
772 887 872 932 θυμῷ
897 887 1015 932 Φίλον,
1041 887 1126 924 ἔνθα
1149 888 1260 924 νέοιτο.

209 990 212 993 ⁴
248 958 381 1004 Sperat
405 958 482 995 fore
506 960 550 995 ut
575 967 619 994 eo
643 960 792 994 servato
816 967 916 995 mors
941 958 1061 995 solum
1085 959 1266 995 malorum
1289 957 1495 995 remedium

199 1026 252 1062 sit
275 1026 364 1067 sibi,
399 1035 512 1070 quam
537 1035 584 1062 ne
595 1013 795 1062 ‘mortuam
822 1025 968 1070 quidem
994 1026 1135 1061 vicinae
1159 1025 1194 1070 1)
1220 1025 1277 1070 (of.
1304 1025 1393 1070 791)
1414 1034 1495 1061 oon-

198 1092 306 1129 viciis
317 1092 461 1129 laedere
473 1092 666 1130 desistant.
687 1092 805 1137 Quam
816 1101 905 1130 vero
917 1102 989 1129 non
1003 1103 1111 1129 suam
1123 1093 1316 1129 infamiam
1328 1093 1495 1129 futuram

198 1160 312 1196 esse?
348 1161 481 1196 melius
518 1161 588 1196 sibi
625 1169 709 1196 esse
741 1161 809 1196 hac
842 1160 922 1204 ipsa
947 1161 1055 1196 nocte
1081 1160 1286 1204 relinquere
1310 1159 1431 1195 vitam
1457 1160 1496 1195 in

197 1228 375 1266 thalamis
411 1231 530 1266 morte
566 1228 773 1274 inopinata,
812 1227 910 1265 mala
945 1228 1075 1273 probra
1106 1227 1230 1264 omnia
1254 1226 1494 1273 effugientem

198 1297 405 1334 744—802.

246 1365 295 1402 Et
330 1365 409 1402 abit
437 1374 562 1402 arcam
585 1365 758 1407 allatum,
796 1365 836 1402 in
860 1375 934 1411 qua
959 1366 1078 1402 multa
1103 1364 1373 1402 medicamenta
1398 1365 1496 1402 salu-

196 1433 293 1470 taria
316 1435 356 1469 et
379 1433 553 1478 pestifera
576 1432 762 1470 recondita
774 1435 894 1470 erant.
918 1432 997 1478 Qua
1005 1433 1161 1478 genibus
1172 1433 1346 1478 imposita
1356 1433 1497 1470 lamen-

195 1503 279 1538 tata
302 1503 363 1538 est
386 1501 452 1538 sed
476 1510 664 1543 venenum
688 1501 930 1546 degustatum
953 1501 1073 1546 puella
1098 1501 1231 1546 gaudia
1253 1502 1355 1538 vitae
1379 1511 1498 1538 reeor-

194 1569 307 1605 datur
330 1568 402 1604 809
428 1577 522 1612 seq.:

660 1624 755 1661 ἀλλά
781 1626 810 1661 οἱ
837 1624 934 1670 ἄφνω

320 1693 409 1737 δεῖμ’
436 1694 524 1729 ὀλοὸν
548 1697 714 1738 στυγεροῖο
739 1707 832 1729 καιτοι
859 1695 985 1739 Φρένοις
1011 1692 1070 1735 §M
1095 1694 1228 1730 Ἀίδαο.

320 1761 444 1807 ἔσχετο
470 1762 667 1807 δ’ἄμφοισίη
692 1762 782 1806 δηρὸν
806 1762 939 1807 χρόνον,
966 1763 1063 1806 ἀμφὶ
1089 1763 1125 1798 δὲ
1151 1764 1261 1799 πᾶσαι

318 1828 494 1874 θυμηδεῖς
508 1829 631 1873 βιότοιο
656 1830 835 1873 μεληδόνες
862 1830 1062 1866 ἰνδάλλοντο.

318 1898 468 1941 μνήσαιτο
494 1898 557 1941 μὲν
581 1901 743 1943 τερπνῶν,
769 1898 813 1939 ὅς’
840 1900 885 1934 ε’νι
910 1898 1020 1943 ζωοῖσι
1046 1899 1226 1940 πέλονται,

318 1965 467 2008 μνήσαθ’
489 1965 661 2008 ὁμηλικίης
685 1965 905 2010 περιγηθέος,
932 1965 985 2002 οἷοί
1010 1980 1049 2002 τε
1074 1967 1177 2011 κούρη·

317 2033 378 2070 καί
399 2034 438 2069 τὲ
464 2034 492 2070 οἱ
515 2033 622 2075 ἠέλιος
645 2034 787 2076 γλυκίων
813 2034 923 2078 γένετ’
949 2034 1190 2080 εἰσοράασθαι,

318 2103 337 2143 ἢ
362 2102 486 2146 πάρος,
513 2103 542 2138 εἶ
569 2102 658 2138 ἐτεόν
681 2116 724 2145 γε
747 2102 803 2146 νόῳ
830 2102 1015 2146 ἐπεμαίεθ’
1044 2103 1185 2140 ἕκαστοι.

243 2170 342 2207 Arca
365 2171 532 2217 deposita
555 2172 676 2208 lucem
701 2175 829 2209 manet
853 2182 927 2209 non
951 2173 1027 2209 iam
1040 2172 1213 2210 dubitans
1225 2172 1314 2218 quin
1326 2171 1496 2209 Iasonem

237 2279 270 2320 1)
300 2279 347 2311 De
368 2288 488 2312 rumore
510 2279 691 2316 vicinitatis,
714 2279 764 2311 cui
786 2280 905 2320 puellae
929 2280 1011 2312 fama
1032 2280 1109 2320 obici
1131 2281 1230 2320 potem
1251 2279 1291 2311 cf.
1313 2278 1498 2311 Nausicaam

192 2338 225 2371 in
257 2336 313 2370 Od.
342 2337 390 2370 VI
413 2349 422 2370 ε
444 2337 510 2370 274
538 2346 601 2379 aeq.
632 2339 672 2370 et.
702 2337 823 2371 Goethii
845 2338 941 2371 Faust
963 2338 982 2371 1
1003 2337 1164 2380 (Gretchen
1187 2337 1250 2370 und
1270 2337 1419 2370 Liesohen
1440 2337 1499 2371 mit

188 2395 342 2440 mugen).
392 2406 395 2411 ,
