1874 2826
837 274 886 312 73

215 381 440 419 vaticinatus
461 385 552 419 erat.
577 368 846 438 Apollonius'i)
865 383 993 419 narrat
1011 364 1203 418 Athenam
1225 380 1357 417 statim
1377 376 1513 432 acaelo

214 448 446 487 descendisse
471 449 581 497 (quod
605 450 849 497 pulcherrima
872 449 1147 496 comparatione
1172 447 1378 486 illustravit
1401 442 1513 493 Apol-

169 559 179 572 ¹.
214 507 591 577 10111113Ϊ541-548)’,
629 510 684 572 ut
709 520 845 555 nautas
868 517 1075 558 adiuvaret.
1111 518 1188 554 Res
1210 514 1294 563 ipsa
1316 525 1430 552 causa
1452 519 1514 552 est

146 593 152 599 ¹
216 594 280 632 cur
312 586 395 629 duo.
415 582 546 633 poetae
578 587 811 629 enarratione
843 580 917 640 non
944 584 1111 632 ,multum
1135 586 1235 630 inter
1259 595 1301 622 se
1325 585 1511 622 differant.

120 673 142 675 ν·
197 641 202 645 ’
215 653 427 700 Colymbam
448 648 597 693 >autem
626 656 766 712 Phineo
792 640 949 706 >auctor-‘e
970 655 1032 692 rab
1068 655 1259 700 Euphemo
1283 655 1442 691 missam
1467 655 1513 690 ut

152 713 154 715 “
215 710 481 768 experirentur
502 726 631 773 utrum
654 724 840 776 transitus
860 725 1006 774 pateret
1028 731 1144 758 necne
1167 714 1511 774 omisit'ValeriuS,

172 814 174 816 v
214 784 276 827 utss·
290 786 637 836 versibus-*quoque
663 782 851 835 Apollonii
875 775 1068 826 538-’535
1105 789 1329 836 gratissimis
1352 789 1513 826 latinum

193 844 362 894 ‘carmen
398 862 532 895 careat.
548 855 555 859 ‘⁷
570 859 766 905 Praeterea
794 858 1168 894 animadvertendum
1193 861 1253 894 est
1276 858 1512 903 Apollonium

213 934 316 961 mare
340 919 539 971 aestuans,
565 925 748 961 undarum
770 925 981 970 fremitum,
1007 934 1142 960 navem
1154 925 1326 961 violentis
1337 925 1511 962 fluctibus

214 994 285 1029 huc
309 996 422 1038 atque
446 994 531 1030 illuc
550 995 746 1035 iactatam,
772 995 972 1029 nautarum
991 993 1153 1029 laborem
1174 995 1213 1028 et
1232 993 1356 1029 nisum
1376 994 1512 1030 maiore

214 1061 356 1097 dicendi
380 1062 419 1097 vi
443 1061 681 1106 descripsisse
705 1060 863 1097 Valerio.
888 1059 1059 1096 Valerius
1082 1061 1182 1096 enim
1207 1060 1246 1096 in
1267 1060 1511 1105 descriptioni·

216 1130 285 1164 bus
317 1128 448 1173 frigido
482 1132 522 1165 et
553 1138 648 1173 vago
672 1128 781 1164 modo
804 1128 945 1173 utitur,
971 1128 1078 1172 quasi
1101 1130 1365 1172 argumentum
1390 1130 1431 1163 et
1454 1137 1515 1163 res

214 1196 315 1241 ipsae
340 1205 427 1234 eum
451 1206 525 1233 non
550 1195 676 1232 ardore
697 1195 841 1241 poetico
865 1197 906 1232 et
917 1195 1040 1234 studio
1053 1195 1299 1232 inflamment.
1325 1194 1368 1231 In
1383 1195 1516 1240 quibus

214 1266 407 1302 narrandis
444 1268 545 1302 recte
576 1265 869 1309 comparationes
905 1273 978 1300 non
1004 1264 1172 1300 adhibuit
1195 1263 1428 1308 Apollonius,
1453 1264 1516 1308 qui

215 1332 318 1370 illum
356 1343 421 1379 per
456 1342 568 1379 rupes
604 1332 767 1370 letiferas
803 1333 1006 1369 transitum
1033 1333 1139 1369 tanta
1163 1332 1325 1369 veritate
1350 1331 1517 1377 depinxit

216 1401 284 1437 581
297 1428 306 1445 ,
342 1404 386 1437 ut
423 1401 526 1437 facile
563 1402 701 1446 fingere
738 1401 925 1445 possimus
956 1410 1025 1436 nos
1057 1400 1190 1436 mediis
1214 1400 1254 1436 in
1279 1401 1389 1436 rebus
1414 1409 1515 1436 esse:

216 1469 307 1505 bene
332 1469 432 1505 enim
456 1469 557 1505 cavit
580 1469 648 1505 hoc
672 1468 749 1505 1000
772 1467 1068 1514 Alexandrinus,
1094 1477 1142 1504 ne
1163 1468 1515 1513 comparationibus,

215 1547 309 1581 quae
333 1538 513 1582 imagines
532 1538 579 1573 ab
599 1539 817 1582 argumento
836 1537 975 1573 alienas
995 1537 1184 1573 mentibus
1204 1536 1333 1572 afferre
1354 1536 1516 1581 soleant,

214 1605 393 1642 lectorum
422 1606 565 1641 animos
598 1614 621 1640 a
654 1614 693 1641 re
729 1605 811 1650 ipsa
836 1606 979 1641 avocet.
1020 1603 1322 1649 comparationes
1346 1604 1517 1640 adhibere

217 1673 336 1710 solent
372 1673 466 1718 epici
502 1683 575 1709 non
612 1676 691 1710 tam
728 1673 775 1709 ad
812 1677 989 1709 externas
1018 1681 1079 1708 res
1104 1672 1309 1717 pingendas
1334 1681 1447 1717 quam
1471 1672 1517 1708 ad

217 1741 417 1784 qualitates
445 1741 637 1776 hominum
662 1741 928 1776 animaliumve
952 1740 1191 1775 illustrandas
1216 1749 1415 1784 eorumque
1440 1740 1517 1775 vim

220 1809 279 1845 vel
303 1808 599 1854 magnitudinem
622 1808 743 1845 fusius
767 1808 1053 1845 describendam.
1071 1807 1196 1844 Bonae
1220 1808 1321 1844 enim
1334 1818 1517 1854 compara-

219 1877 331 1912 tionis
356 1879 416 1912 est
440 1886 513 1912 non
537 1877 694 1912 alteram
718 1877 919 1921 imaginem
943 1877 1071 1912 lectori
1094 1876 1267 1921 proferre,
1294 1877 1359 1912 sed
1371 1878 1517 1913 demon·

221 1947 340 1982 strare
377 1954 468 1990 quos
502 1946 627 1981 status
656 1944 717 1981 vel
750 1945 876 1981 motus
907 1944 1068 1982 habeant
1092 1954 1152 1981 res
1177 1945 1217 1981 et
1241 1944 1419 1981 homines.
1456 1943 1517 1979 Ad

263 2066 296 2106 1)
325 2066 466 2099 Valerius
485 2066 631 2099 Iunonem
653 2075 772 2107 quoque
793 2066 988 2107 Argonautas
1009 2065 1112 2099 iuvare
1133 2066 1231 2108 finxit.

261 2125 464 2165 Apollodorus
492 2125 574 2157 Bibl.
607 2125 624 2157 1
649 2137 657 2157 ε
681 2125 701 2157 9
725 2136 733 2157 t
756 2124 798 2156 22
823 2136 831 2156 :
854 2125 875 2157 5
906 2112 1002 2157 solam
1035 2125 1162 2157 Iunonis
1184 2134 1270 2166 opem
1292 2125 1519 2162 commemorat,

218 2182 283 2214 sine
304 2182 394 2214 dubio
411 2182 492 2223 quod
513 2182 632 2223 proprie
654 2182 782 2215 Iunonis
804 2183 901 2214 tutela
918 2183 991 2215 tecti
1012 2183 1207 2223 Argonautae
1229 2183 1286 2215 iter
1307 2182 1452 2214 fecerunt.

261 2240 462 2280 Apollodorus
486 2241 518 2279 (1
543 2252 551 2272 :
575 2240 595 2272 9
618 2252 627 2272 ε
649 2240 691 2272 22
715 2252 723 2272 :
747 2240 801 2280 3),
823 2242 944 2272 tantum
964 2241 1184 2281 mythologieus
1206 2240 1341 2281 scriptor,
1364 2240 1520 2280 Apollonii

219 2298 427 2339 Argonautica
449 2298 559 2330 melius
580 2308 683 2338 quam·
695 2298 836 2331 Valerius
846 2298 976 2331 Flaccus
986 2300 1075 2339 poeta
1086 2301 1206 2330 secutus
1217 2300 1272 2329 est.
1296 2298 1377 2330 Nam
1395 2298 1523 2339 Apollo-

220 2357 309 2389 dorus
320 2365 451 2397 quoque,
475 2358 562 2396 grata
572 2355 728 2396 Apollonii
739 2356 937 2396 descriptione
949 2358 1055 2397 captus
1063 2380 1072 2395 ,
1085 2356 1235 2396 colymbae
1246 2356 1430 2389 mentionem
1441 2356 1523 2389 fecit.
