1874 2826
889 293 936 329 55

268 399 377 444 dare),
404 400 573 437 Valerius
596 401 835 437 nihilominus
848 401 1037 437 Romanae
1049 400 1173 445 gentis
1186 399 1368 444 originem
1381 407 1500 434 ausus
1511 400 1572 435 est

267 467 305 502 in
330 468 545 505 memoriam
565 478 756 511 revocare,
770 468 893 505 studio
913 467 1191 504 demonstrandi
1204 468 1281 503 iam
1293 466 1568 510 antiquissimis

266 536 491 580 temporibus
527 537 725 572 Troianum
764 537 939 581 populum
970 536 1138 572 floruisse
1162 536 1263 572 nullo
1288 536 1426 570 scelere
1450 543 1569 578 neque

235 633 238 635 Α
265 601 341 639 fato
372 603 627 641 interiturum:
657 603 697 639 cf
724 604 796 640 573
829 613 907 649 seq.
936 603 1094 649 „Priami
1120 603 1185 639 sed
1210 603 1295 648 quis
1319 602 1396 639 iam
1420 603 1568 639 vertere

264 671 388 715 regnis
412 665 499 707 fata
515 672 653 715 queat?
678 672 805 707 Manet
822 671 989 707 immotis
1007 681 1081 707 nox
1102 671 1233 707 Dorica
1254 671 1384 706 lustris
1397 672 1439 706 et
1449 679 1568 714 genus

263 737 482 774 Aeneadum
505 740 545 774 et
569 737 697 774 Troiae
722 737 892 774 meliores
911 738 1068 774 honores
1077 737 1111 773 '’.
1136 738 1346 774 Romanum
1367 737 1566 782 imperium

263 805 351 840 felix
376 805 636 847 aestimemus,
662 805 758 849 quod
783 806 828 841 de
853 805 1081 849 Argonautis
1101 806 1224 841 fabula
1248 815 1392 850 quoque
1413 806 1460 841 ad
1473 815 1560 841 eum

261 872 439 918 populum
462 873 665 917 pertineat!
697 873 729 919 1)
761 872 901 909 Iterum
926 873 1134 909 maximum
1158 873 1355 910 discrimen
1380 875 1441 910 est
1464 873 1563 910 inter

262 939 453 975 Valerium
477 943 516 976 et
536 940 760 985 Vergilium,
786 941 850 985 qui
875 942 1043 977 nostram
1068 940 1356 977 misericordiam
1377 944 1418 977 et
1437 942 1564 986 digna-

263 1008 404 1043 tionem
417 1007 570 1044 infelicis
582 1008 759 1044 Troianae
773 1009 896 1053 gentis
903 1011 1125 1044 commovet.
1135 1008 1346 1045 Admodum
1357 1008 1559 1045 laudandus

260 1077 322 1111 est
333 1075 549 1120 Apollonius
562 1076 736 1121 Rhodius,
746 1077 809 1120 qui
821 1078 1041 1120 argumento
1054 1076 1197 1120 proprio
1210 1085 1251 1111 se
1264 1077 1430 1112 continet
1443 1086 1561 1121 neque

262 1144 561 1189 Argonautarum
598 1145 670 1180 iter
707 1144 925 1188 cuicumque
953 1143 1098 1179 fabulae
1123 1144 1309 1189 adiungit,
1335 1144 1441 1188 quasi
1465 1146 1564 1179 esset

261 1212 420 1248 alterum
445 1221 574 1256 poema
598 1212 643 1247 de
669 1209 1114 1256 Metamorphosibus‘vel
1139 1211 1400 1262 mythographi
1423 1211 1523 1248 liber.

312 1279 507 1315 Praeterea
530 1279 667 1315 Valerii
693 1279 782 1315 liber
806 1279 990 1315 secundus
1003 1278 1230 1322 protrahitur
1241 1278 1403 1323 imagine
1416 1278 1562 1323 Helles,

262 1347 301 1383 in
324 1347 562 1392 Hellesponto
585 1348 711 1384 nautis
733 1347 856 1384 oblata
880 1347 1112 1393 (580—614).
1126 1346 1266 1383 Deinde
1278 1347 1315 1383 in
1330 1347 1563 1391 Propontidis

260 1415 503 1460 descriptione
537 1416 737 1451 admodum
773 1415 946 1460 frigidum
983 1419 1043 1451 est
1080 1415 1168 1451 illud
1209 1414 1333 1460 „reor”
1380 1416 1452 1451 618
1497 1417 1564 1458 (sic

260 1482 385 1527 pelago
410 1483 598 1527 pulsante,
625 1492 721 1529 reor,
743 1483 931 1528 Neptunia
951 1482 1137 1527 quondam
1156 1483 1280 1527 cuspis
1293 1483 1392 1528 etc).
1407 1483 1562 1520 Poetam

262 1550 403 1586 nescire
439 1551 499 1586 vel
530 1551 697 1586 dubitare
727 1551 898 1586 dedecet:
933 1551 1056 1587 omnia
1089 1560 1175 1586 cum
1210 1552 1248 1586 vi
1280 1551 1321 1587 et
1346 1551 1502 1595 pondere
1528 1553 1562 1587 ei

261 1617 475 1662 proferenda
506 1620 613 1659 sunt,
647 1621 692 1654 ut
725 1618 860 1654 animis
891 1617 1051 1654 attentis
1084 1618 1165 1653 eius
1191 1627 1380 1654 sermones
1413 1622 1563 1664 captent

260 1695 401 1723 omnes.
428 1687 487 1722 Ad
507 1696 600 1731 quae
621 1687 758 1729 omnia,
779 1674 856 1723 iter
873 1688 919 1722 ab
939 1687 1059 1722 insula
1079 1687 1220 1723 Lemno
1240 1697 1358 1731 usque
1379 1688 1425 1724 ad
1440 1687 1562 1733 Cyzici

261 1762 416 1799 regnum
426 1780 437 1797 ,
450 1755 630 1791 narranda
639 1782 648 1800 ,
668 1754 858 1800 Apollonio
870 1754 1010 1790 Rhodio
1021 1755 1171 1790 tantum
1185 1755 1381 1791 910-936
1390 1781 1401 1798 ‚
1414 1755 1562 1792 Valerio

259 1822 387 1859 Flacco
400 1823 470 1859 428
479 1824 593 1859 -630
607 1824 775 1860 versibus
786 1833 877 1868 opus
890 1825 959 1859 est.
973 1822 1049 1858 Sub
1063 1822 1214 1858 secundi
1227 1823 1308 1859 libri
1323 1824 1437 1859 finem
1450 1823 1557 1859 Vale-

259 1890 338 1925 rius
346 1893 481 1936 narrat,
491 1901 563 1935 quo
573 1891 679 1927 modo
687 1891 843 1936 Cyzicus
852 1892 986 1926 nautas
995 1891 1146 1926 comiter
1155 1899 1268 1925 coena
1277 1899 1424 1935 semper
1432 1892 1561 1927 eodem

261 1958 369 1994 modo
389 1959 573 2004 descripta
598 1960 764 2004 accipiat.
784 1959 918 1995 Risum
937 1959 1104 1995 moveret
1126 1957 1292 2002 Cyzicus
1305 1957 1401 2001 quod
1414 1958 1480 2000 iis,
1499 1959 1563 2003 qui

258 2026 379 2071 prima
403 2027 592 2064 maritima
611 2037 707 2064 nave
726 2028 973 2072 vehebantur,
997 2026 1181 2063 carchesia
1205 2025 1372 2061 ostendit
1396 2026 1558 2072 caelata,

259 2093 322 2129 ubi
358 2094 514 2130 classem
551 2095 791 2140 Pelasgorum
825 2094 948 2140 Cyzici
983 2095 1078 2139 regis
1110 2093 1192 2138 igne
1216 2092 1408 2129 ardentem
1435 2093 1561 2131 videre

259 2161 381 2205 potuit
406 2162 532 2207 Iason,
559 2164 632 2199 nisi
656 2162 829 2200 Valerius
854 2163 1010 2199 dixisset
1031 2163 1188 2198 classem
1204 2159 1393 2207 „ratibus”
1406 2162 1507 2209 (559)
1522 2163 1560 2208 2)

273 2245 276 2247 ’
302 2264 334 2308 1)
360 2266 405 2299 of.
433 2267 453 2300 2
478 2279 486 2300 :
509 2268 683 2301 301—305
707 2271 738 2303 et
761 2278 838 2311 quae
861 2269 897 2302 de
921 2245 1023 2302 Diana
1045 2269 1130 2302 dietat
1148 2270 1220 2301 sunt
1242 2277 1312 2309 pag.
1335 2268 1390 2300 47.

303 2320 337 2361 2)
369 2321 679 2354 Animadvertendum
706 2325 754 2355 est
775 2325 878 2364 poetas
901 2324 989 2356 verbo
1013 2324 1135 2355 «ratis»
1159 2332 1212 2362 pro
1235 2331 1359 2354 «nave»
1380 2323 1428 2354 uti
1450 2324 1563 2366 solere,

258 2373 317 2403 quo
338 2364 478 2396 Valerius
500 2366 681 2398 obscuritate
703 2367 827 2399 laborat.
