1874 2826
826 295 873 331 93

199 401 444 436 Anacronteis
468 401 659 437 invenitur
674 402 718 447 1).
745 401 837 446 Quia
861 402 991 437 autem
1016 400 1155 436 amoris
1167 399 1318 435 initium
1331 396 1501 434 hacima-

202 467 287 511 gine
299 465 556 504 indicaverunt
564 470 705 513 poetae,
715 468 846 505 multis
854 468 893 505 in
902 468 1049 505 eroticis
1058 467 1290 513 poematibus
1298 466 1502 502 describere

202 535 369 572 solebant
392 537 542 572 tantum
565 545 658 582 quae
679 538 785 573 erant
805 538 972 573 externa.
994 536 1072 581 Quo
1082 536 1226 572 factum
1237 537 1299 571 est
1310 521 1355 571 ut
1367 543 1502 570 sensus

201 603 409 639 amantium
421 605 460 639 et
473 603 691 640 sollicitatae
704 605 850 640 mentes
860 630 871 649 ‚
894 588 1002 640 'amor
1013 603 1189 649 gliscens,
1209 602 1335 639 omnia
1346 610 1442 647 quae
1454 602 1502 637 ad

201 671 370 708 animum
401 680 525 707 amore
551 670 762 714 turbatum,
786 672 1017 716 pertineant,
1042 680 1116 707 non
1141 673 1222 715 tam
1247 672 1502 707 memorentur

201 747 314 781 quam
336 738 410 774 oris
436 738 538 778 livor,
555 737 675 772 crines
694 738 815 782 passi,
835 737 958 773 forma
979 740 1018 773 et
1038 737 1271 782 pulchritudo
1293 737 1342 782 2).
1371 737 1500 773 Talem

201 807 329 842 autem
362 813 430 841 nec
461 803 679 849 Apollonius
711 804 880 841 Medeam
908 813 1017 841 suam
1041 804 1150 840 finxit
1175 813 1295 850 neque
1318 804 1498 842 Didonem

201 872 388 918 Vergilius
421 871 540 917 (cuius
573 874 761 908 auctorem
792 873 830 908 in
854 872 945 908 libro
970 874 1101 916 quarto
1125 871 1360 917 Apollonium
1384 873 1499 909 fuisse

203 941 310 978 docet
332 939 495 985 Mahaffy
520 949 602 985 pag.
629 938 728 986 272).

251 1009 417 1046 Mentem
453 1009 606 1054 virginis
643 1009 814 1046 turbatae
853 1011 892 1045 et
931 1009 1054 1045 oculos
1090 1018 1238 1055 semper
1267 1010 1307 1046 in
1330 1009 1497 1047 Iasonem

203 1078 502 1122 detorquentem,
524 1077 641 1113 amori
665 1076 835 1121 gliscenti
860 1078 1184 1122 succumbentem,
1205 1076 1326 1113 faceta
1345 1080 1384 1114 et
1397 1082 1502 1123 grata

203 1146 364 1183 veritate
387 1145 581 1191 descripsit
610 1145 817 1191 286—299,

546 1211 696 1259 (Erotis)
722 1199 824 1254 βέλός
848 1212 1045 1248 &assata-0
1070 1213 1163 1257 κούρῃ

376 1279 487 1326 νέρθεν
515 1279 576 1316 ὑπὸ
602 1279 736 1325 κραδίῃ,
764 1280 870 1324 Φλογὶ
896 1280 1032 1317 εἴκελον·
1057 1281 1159 1317 α’ντία
1183 1281 1282 1318 δἀἰεὶ

378 1349 509 1391 βάλλεν
534 1349 591 1384 ὑπ’
619 1349 792 1390 Αἰσονίδην
817 1349 1079 1393 ἀμαρύγματα,
1103 1350 1165 1385 καί
1187 1350 1215 1385 οἱ
1238 1349 1337 1391 ἄηντο

377 1416 525 1459 στηθέων
552 1418 588 1452 ἐκ
614 1416 746 1453 πυκιναὶ
771 1416 918 1462 καμάτῳ
942 1418 1080 1463 Φρένες,
1106 1419 1139 1454 οὐ
1168 1418 1205 1454 δέ
1229 1419 1400 1461 τιν’ἄλλην

376 1491 513 1529 μνῆστιν
538 1485 638 1529 ἔχεν,
663 1490 806 1530 γλυκερῇ
834 1485 870 1521 δὲ
894 1485 1075 1528 κατείβετο
1100 1485 1209 1530 θυμὸν
1233 1487 1315 1532 ἀνίῃ.

376 1555 418 1593 ὡς
442 1554 479 1589 δὲ
503 1566 583 1595 γυνη
610 1553 743 1596 μαλερῷ
768 1565 843 1597 περι
869 1552 1008 1597 κάρφεα
1031 1553 1160 1598 χεύατο
1184 1555 1275 1621 δαλῷ

377 1626 549 1666 χερνῆτις,
575 1625 679 1665 τῇπερ
704 1621 878 1662 ταλασήια
904 1619 987 1665 ἔργα
1012 1621 1184 1664 μέμηλεν,

378 1704 420 1729 ως
445 1703 500 1724 κεν
525 1689 705 1733 ὑπωρόφιον
730 1688 849 1732 νύκτωρ
874 1688 979 1728 σέλας
1004 1689 1188 1730 ἐντύναιτο,

378 1757 504 1802 πάγχυ
530 1756 789 1801 μαλ’ἑγρομὲνη·
814 1757 852 1792 τὸ
878 1755 1113 1802 δἀθέσφατον
1138 1757 1177 1800 ἐξ
1200 1758 1320 1802 ὀλίγοιο

250 1909 284 1955 1)
308 1910 518 1952 0111113111.
541 1909 670 1943 Gauro
691 1909 752 1942 and
772 1909 903 1951 thought
925 1909 1000 1943 255.

248 1971 282 2010 2)
305 1970 350 2003 Ut
383 1969 585 2003 Callimachus
617 1968 773 2009 Apollonii
805 1968 995 2002 adversarius
1024 1970 1097 2002 fecit
1119 1970 1152 2002 in
1172 1970 1303 2002 maxima
1322 1970 1504 2011 digremone

203 2029 363 2068 carminis,
392 2029 442 2061 cui
463 2037 573 2061 nomen
595 2029 683 2059 ΑΥι-ια
704 2027 886 2068 inscriptum
907 2029 975 2067 est,
998 2028 1051 2060 ubi
1073 2028 1110 2060 de
1131 2038 1231 2061 amore
1253 2029 1374 2062 Aoontii
1395 2031 1426 2061 et
1446 2029 1503 2069 Cy-

203 2088 310 2129 dippae
329 2088 405 2129 agit.
427 2088 522 2120 Couat
541 2097 604 2128 pag
626 2087 699 2120 151.

248 2145 341 2186 Apud
361 2145 558 2186 Apollonium
577 2145 664 2177 1111113
685 2145 815 2185 vestigia
836 2145 908 2176 falsi
929 2146 961 2177 et
977 2145 1042 2177 ficti
1060 2146 1171 2177 amoris
1189 2146 1395 2184 inveniuntur,
1414 2155 1503 2186 quem

205 2203 338 2245 Mahaffy
359 2203 423 2236 239
446 2203 577 2236 dilucide
598 2203 772 2244 descripsit:
795 2202 981 2236 dishevelled
999 2203 1075 2243 hair,
1093 2204 1250 2237 blaclmess
1259 2204 1354 2237 under
1363 2204 1415 2237 the
1425 2214 1503 2245 eyes,

205 2262 375 2295 disordered
395 2262 497 2301 dress,
520 2271 539 2294 3
561 2262 658 2295 desire
681 2262 729 2295 for
749 2261 898 2301 solitudo,
919 2262 981 2295 and
1001 2262 1053 2295 the
1074 2262 1159 2295 habit
1179 2262 1214 2295 of
1226 2263 1347 2303 writing
1356 2263 1409 2295 the
1418 2264 1506 2304 girl's

205 2330 294 2353 1131110
315 2320 349 2352 111
369 2329 458 2361 every
468 2322 533 2352 tree
543 2337 588 2343 —
599 2321 776 2362 smpwms,
788 2320 887 2353 which
897 2329 949 2353 are
959 2321 1090 2362 perhaps
1100 2330 1167 2353 now
1175 2320 1319 2361 regarded
1328 2330 1363 2354 as
1373 2323 1505 2362 natural,

205 2380 266 2413 and
296 2379 395 2412 which
426 2388 518 2420 many
538 2379 686 2412 romantio
707 2388 834 2420 persons
856 2379 933 2412 have
955 2388 994 2411 no
1016 2379 1109 2412 doubt
1130 2379 1267 2412 imitated
1287 2380 1414 2414 because
1434 2382 1505 2422 thoy
