1874 2826
958 269 1004 304 74

331 376 501 410 mentem
526 375 640 419 igitur
665 374 827 418 pertinet
852 373 1077 418 comparatio
1102 375 1309 418 explicandi
1333 385 1447 412 causa
1458 376 1632 413 adhibita.

324 440 431 486 Quae
453 442 577 478 omnia
598 441 824 487 comparatio
843 441 975 485 efficit,
997 441 1134 487 aliquid
1153 442 1302 479 maioris
1315 444 1512 486 momenti,
1537 443 1633 490 quod

329 511 501 547 omnibus
536 512 668 546 notum
705 514 783 552 est,
821 512 860 546 in
898 511 1116 546 memoriam
1149 520 1347 547 revocans:
1374 512 1629 555 venationem,

331 578 548 614 animalium
562 581 602 613 et
614 577 776 613 ferarum
785 578 940 623 propria,
950 578 1150 623 temperies
1158 577 1258 621 coeli,
1266 578 1463 615 fluminum
1471 581 1511 615 et
1520 579 1634 616 maris
1689 590 1692 592 ·

327 647 418 682 vim.
445 646 564 690 Quare
589 646 825 691 Apollonius,
848 656 934 682 cum
955 647 994 682 in
1012 647 1082 682 hac
1093 647 1269 683 carminis
1280 647 1633 692 pas-tedescripserit

326 723 391 759 ea,
417 722 511 758 quae
531 713 624 750 alias
645 714 963 759 comparationum
984 714 1162 750 mate1ies
1174 714 1270 756 sint,
1297 714 1632 759 comparationibus

325 782 507 817 inferioris
544 783 727 818 momenti
763 791 836 818 non
874 792 967 818 usus
1005 784 1097 818 bene
1131 784 1232 819 cavit
1268 792 1315 819 ne
1348 783 1544 828 descriptio
1569 782 1631 818 illa

327 849 453 886 minus
472 850 549 887 alte
570 851 608 886 in
630 851 812 887 lectorum
832 852 976 887 animos
996 851 1236 888 descenderet
1255 860 1368 897 quam
1388 859 1453 897 pro
1465 859 1504 886 re
1517 851 1630 887 esset.

326 917 401 953 Suo
435 921 563 954 tamen
598 919 675 955 loco
708 920 923 964 661—-668,
956 921 1000 955 ut
1033 922 1145 955 antea
1169 920 1363 956 541—548
1388 918 1632 964 pulcherrima

325 986 601 1030 comparatione
625 996 717 1022 usus
741 990 802 1023 est
827 987 1053 1032 Apollonius.

375 1052 549 1089 Valerius
586 1054 716 1090 deinde
753 1054 924 1091 Iasonem
962 1055 1156 1091 703—710
1193 1055 1345 1091 dubium
1379 1056 1419 1091 et
1455 1053 1630 1093 anxium.

327 1120 547 1163 Apollonius
589 1130 676 1156 eum
722 1121 819 1157 elato
856 1122 981 1157 animo
1017 1122 1199 1158 sociorum
1235 1124 1384 1158 mentes
1421 1122 1631 1157 tentantem

327 1188 450 1224 finxit.
483 1188 587 1224 Idem
621 1188 658 1235 (2
685 1200 694 1224 ε
721 1190 929 1232 669—720)
964 1191 1056 1226 bene
1090 1190 1247 1226 inseruit
1271 1190 1499 1235 Argonautis
1523 1189 1586 1233 qui
1611 1197 1632 1224 e

327 1257 435 1292 tanto
459 1256 619 1300 periculo
644 1256 859 1301 effugerint,
885 1257 1115 1302 Apollinem,
1143 1257 1235 1293 lucis
1259 1257 1370 1293 deum
1393 1256 1628 1302 apparuisse,

326 1323 422 1366 quod
448 1325 585 1360 bonum
610 1334 718 1360 omen
744 1325 891 1361 salvum
917 1325 1079 1361 reditum
1104 1325 1313 1370 praedicere
1336 1325 1494 1361 videtur.

323 1405 329 1425 :
374 1391 514 1428 Deinde
539 1393 778 1438 Argonautae
804 1394 1042 1438 praetereunt
1063 1394 1212 1438 gentes,
1225 1393 1351 1438 litora,
1364 1392 1627 1438 promontoria,

325 1460 499 1504 flumina,
524 1469 619 1504 quae
643 1460 807 1496 Phineus
833 1460 1008 1496 vaticinio
1034 1470 1102 1496 suo
1127 1461 1173 1496 iis
1198 1463 1493 1496 enumeraverat.
1528 1459 1628 1504 Quae

326 1527 451 1562 omnia
488 1528 608 1563 fusius
639 1528 799 1572 repetita
822 1530 1061 1572 (quamquam
1090 1528 1281 1564 deterrent
1305 1529 1429 1573 potius
1453 1528 1628 1564 lectorem

325 1604 439 1639 quam
464 1595 643 1640 alliciunt)
657 1596 810 1632 minime
823 1596 1032 1639 abhorrent,
1044 1597 1160 1632 immo
1179 1605 1268 1632 vero
1288 1597 1488 1632 concinunt
1503 1596 1628 1641 epicae

326 1663 472 1699 rationi.
502 1663 687 1708 cuiusque
711 1663 812 1699 enim
838 1663 1004 1700 vaticinii
1030 1666 1089 1700 est
1114 1664 1231 1700 obiter
1255 1664 1483 1700 mentionem
1508 1663 1628 1699 facere

326 1732 372 1766 de
397 1731 552 1772 futuris,
578 1741 671 1776 quae
697 1734 845 1775 postea,
871 1732 933 1767 ubi
958 1732 1138 1768 eveniunt
1162 1732 1345 1776 copiosius
1368 1733 1577 1767 narrantur.

377 1799 480 1843 Quod
504 1799 668 1843 neglexit
692 1799 882 1841 Valerius,
907 1799 970 1843 qui
994 1799 1336 1834 eodemvnominum
1357 1807 1511 1835 numero
1535 1808 1627 1835 usus

326 1867 511 1902 brevitate
550 1876 619 1902 sua
655 1867 800 1910 omisit,
836 1875 930 1910 quae
956 1867 1051 1902 bona
1075 1869 1115 1902 et
1139 1867 1244 1910 grata
1269 1868 1359 1901 sunt
1383 1866 1421 1901 in
1446 1866 1628 1910 Apollonii

324 1934 501 1970 carmine.
539 1934 617 1978 Quo
651 1934 792 1970 factum
826 1936 906 1974 est,
931 1937 975 1969 ut
999 1933 1148 1969 Valerio
1172 1936 1321 1969 auctore
1346 1933 1476 1969 Phinei
1500 1933 1628 1970 vatici-

324 2002 429 2038 nium
454 2003 600 2047 longius
625 2003 676 2037 sit
702 2011 813 2046 quam
838 2000 983 2037 itineris
1007 2000 1124 2045 ipsius
1148 2000 1350 2046 enarratio,
1371 2001 1467 2046 quod
1491 2011 1513 2036 a
1535 2002 1627 2038 bono

324 2072 487 2107 carmine
500 2071 603 2116 epico
616 2070 778 2106 alienum
792 2072 862 2106 est.
877 2069 936 2105 Sic
949 2069 1115 2114 regiones
1126 2071 1167 2105 et
1178 2069 1340 2114 populos,
1361 2079 1452 2114 quos
1465 2070 1626 2106 Phineus

325 2140 537 2176 nominibus
574 2140 726 2175 tantum
764 2140 803 2173 et
840 2137 1024 2173 nonnullis
1061 2137 1324 2173 additamentis
1355 2138 1529 2174 brevibus
1561 2138 1626 2174 sed

323 2208 485 2253 pulchris
509 2208 751 2253 exposuerat,
778 2205 908 2242 multis
933 2214 1078 2241 morum
1102 2208 1141 2241 et
1166 2205 1263 2241 situs
1286 2205 1447 2242 locorum
1472 2206 1626 2252 descrip-

325 2277 506 2322 tionibus,
533 2276 752 2322 plerumque
774 2273 1020 2319 gratissimis,
1045 2273 1161 2310 auxit.

373 2345 490 2390 Quam
504 2345 732 2381 sententiam
745 2343 949 2389 approbant
961 2351 1093 2379 versus
1106 2342 1248 2379 728—7
1253 2343 1309 2389 45,
1331 2343 1463 2388 quibus
1476 2344 1626 2381 doctum
