1874 2826
821 282 868 316 79

247 386 354 424 Libro
377 387 432 430 ΠΙ,
454 387 667 430 487-509,
693 388 756 425 ubi
780 387 871 424 Iuno
890 387 1080 423 Athenam
1092 385 1223 423 callide
1235 385 1274 421 in
1289 383 1500 420 Colchidem

197 457 347 490 amovet
358 458 403 491 ut
414 456 611 491 Herculem
624 456 721 492 malo
732 456 881 501 afficiat,
900 455 1071 491 Valerius
1085 454 1248 489 breviter
1259 452 1500 497 significavit,

197 522 315 567 qualis
338 532 460 560 rerum
485 525 609 560 status
633 523 685 560 sit
708 523 747 560 in
771 524 914 560 Aeetae
938 531 1059 568 regno.
1086 521 1218 558 Perses
1243 521 1345 557 enim
1370 529 1394 556 a
1418 528 1504 564 ger-

197 598 307 627 manc
343 592 519 636 expulsus
557 594 597 628 et
629 593 732 636 gravi
764 592 818 628 ira
847 592 1040 636 incensus,
1077 591 1174 635 quod
1199 590 1327 625 Medea
1351 589 1497 625 Albano

197 658 292 703 Tyro
328 668 463 704 sponsa
500 661 600 699 erat,
637 659 770 694 vicinis
801 658 946 703 populis
976 658 1023 694 ad
1047 667 1152 693 arma
1176 658 1338 700 vocatis,
1365 657 1495 691 urbem

197 727 441 771 oppugnabat.
454 725 504 761 V:
516 725 708 761 225-259
717 728 844 761 narrat
855 725 1026 761 Valerius
1037 726 1192 770 Aeeten,
1205 734 1317 769 quem
1330 717 1503 760 Phrixus

197 795 368 830 mortuus
390 792 488 828 tueri
512 793 678 834 conatur,
698 792 881 828 mon-itum
900 801 983 828 esse
1001 792 1204 836 periculum
1216 792 1285 827 sibi
1298 791 1504 827 imminere

202 863 338 908 „rapta
362 861 532 904 soporato
556 859 695 895 fuerint
717 869 803 895 cum
829 860 965 895 vellera
989 858 1101 895 luco’'
1125 861 1164 894 et
1187 860 1264 904 regi
1288 860 1497 895 cavendum-

199 937 282 964 esse
302 936 350 963 ne
370 926 499 963 Medea
510 926 614 971 virgo
626 926 664 962 in
676 927 800 971 regnis
813 927 983 971 paternis
990 928 1168 971 maneret,
1183 929 1223 962 et
1234 926 1363 962 deinde
1375 927 1492 962 Aeeoe

199 996 359 1032 Martem
383 996 575 1038 precante,
601 1003 761 1038 anguem
785 1004 808 1029 a
833 994 996 1030 Caucaso
1020 994 1166 1039 lapsum
1188 994 1298 1038 spiris
1309 994 1493 1038 arborem,

199 1063 297 1099 unde
333 1061 444 1098 Marti
481 1063 669 1098 sacratum
706 1061 826 1097 vellus
858 1070 1013 1097 aureum
1041 1061 1237 1106 penderet,
1271 1060 1495 1105 implicuisse

200 1130 324 1176 procul
349 1130 395 1165 ad
415 1129 567 1165 Graium
580 1130 705 1165 orbem
717 1129 984 1174 respicientem.
1010 1128 1111 1174 Quod
1125 1129 1343 1165 vaticinium
1357 1128 1498 1164 veritus

200 1200 401 1244 tyrannus,
439 1198 498 1233 cui
534 1206 607 1233 non
645 1197 746 1242 vulgi
771 1207 859 1233 cura
882 1200 960 1240 est,
984 1199 1134 1233 recusat
1158 1196 1356 1241 quominus
1380 1195 1499 1232 vellus

200 1266 351 1303 exitiale
375 1268 414 1302 et
438 1266 644 1301 infaustum
668 1266 707 1301 in
732 1266 978 1301 Haemoniam
1004 1267 1153 1310 mittat,
1173 1267 1218 1301 ut
1229 1264 1399 1300 sacerdos
1410 1272 1497 1298 eum

199 1334 416 1370 adhortatur
452 1333 615 1378 auguriis
653 1335 693 1369 et
724 1333 901 1370 monstris
921 1333 1127 1370 minacibus
1150 1334 1278 1369 futura
1302 1331 1495 1368 coniciens

199 1402 254 1438 At
278 1402 438 1447 Aeetes,
464 1402 634 1446 Persem,
661 1403 732 1439 sibi
757 1404 968 1448 proximum
992 1412 1013 1438 e
1035 1405 1204 1438 materno
1227 1402 1407 1446 sanguine
1426 1399 1496 1435 fra-

200 1471 318 1515 trem,
354 1471 449 1506 hanc
485 1470 666 1506 nefariam
702 1471 944 1515 pertinaciam
981 1471 1258 1515 vituperantem
1291 1468 1497 1504 interficere

201 1539 365 1575 conatur.
391 1538 523 1574 Perses
547 1538 676 1575 deinde
697 1539 845 1575 saucius
870 1538 996 1583 fugam
1018 1538 1116 1584 petit
1141 1541 1181 1574 et
1206 1537 1338 1582 ingens
1362 1536 1510 1573 bellum.

201 1608 329 1642 contra
353 1606 505 1642 fratrem
530 1607 613 1642 ciet.
639 1607 796 1642 Indutiis
820 1607 867 1642 ad
895 1607 1035 1642 occisos
1060 1607 1276 1643 cremandos
1300 1607 1410 1641 factis
1434 1605 1498 1640 ad·

200 1674 357 1709 veniunt
393 1674 630 1718 Argonautae
668 1672 902 1720 (259—277).
940 1674 1080 1710 Iunone
1117 1677 1158 1710 et
1183 1684 1332 1710 summa
1356 1673 1497 1717 virgine

200 1741 299 1778 Iovis
322 1741 472 1777 consilia
496 1742 629 1777 intima
652 1742 878 1777 sociantibus
890 1742 1030 1785 placuit
1042 1742 1158 1777 armis
1169 1742 1313 1777 Aeetae
1327 1741 1497 1777 accedere

201 1818 359 1854 eumque
383 1809 569 1846 adiuvare.
594 1810 780 1846 Minervae
803 1809 944 1846 veritae
967 1819 1014 1845 ne
1038 1818 1106 1845 rex
1130 1810 1249 1846 socios
1273 1807 1498 1845 Haemonios

201 1878 378 1923 decipiat,
402 1878 593 1923 respondit
617 1878 709 1914 Iuno
734 1887 775 1914 se
800 1880 928 1914 contra
951 1887 1038 1913 eum
1063 1887 1151 1914 mox
1174 1878 1268 1914 alios
1292 1878 1412 1922 (10105,
1426 1876 1497 1912 alia

200 1954 284 1982 orsa
308 1948 495 1983 moturam
519 1955 613 1983 esse.
639 1945 734 1982 Vide
758 1947 1020 1990 argumentum
1045 1947 1259 1982 contortum
1284 1946 1325 1981 et
1349 1943 1496 1981 intrica-

199 2013 304 2050 tum!
338 2014 458 2060 Deae,
492 2024 588 2059 quae
612 2015 658 2051 ab
683 2014 983 2059 Argonautarum
1009 2015 1115 2058 parte
1141 2016 1264 2059 stant,
1290 2013 1404 2049 armis
1427 2011 1495 2046 ini-

200 2082 392 2117 micissimi
425 2083 546 2118 Iasoni
571 2083 686 2128 regis,
712 2091 780 2118 sua
806 2082 937 2127 sponte
961 2082 1223 2127 adiunguntur,
1249 2091 1295 2117 ne
1319 2078 1495 2125 potentis-

200 2150 379 2186 simarum
399 2150 550 2186 dearum
563 2160 631 2195 ope
643 2150 774 2186 Perses
786 2151 831 2186 de
841 2150 1067 2194 Argonautis
1079 2151 1271 2187 victoriam
1283 2148 1445 2192 reportet
1456 2147 1496 2182 et

200 2228 364 2256 amorem
377 2219 525 2255 Medeae
536 2219 576 2255 in
587 2219 757 2256 Iasonem
769 2226 1040 2265 supervacuum
1052 2217 1198 2254 reddat!
1220 2217 1366 2253 Deabus
1374 2243 1383 2260 ,
1402 2224 1496 2259 quas

200 2287 329 2323 adesse
353 2286 580 2330 Argonautis
604 2287 814 2331 antiquitus
834 2286 940 2323 docet
952 2286 1093 2331 fabula,
1115 2285 1203 2321 nihil
1215 2284 1287 2319 nisi
1299 2283 1400 2319 dolos
1412 2292 1497 2318 con-

200 2357 339 2397 texere,
346 2353 489 2390 fallacia
497 2354 565 2396 uti,
573 2363 680 2398 opem
689 2354 812 2390 Persis
821 2363 993 2399 spernere
1002 2353 1110 2389 finxit
1116 2351 1287 2388 Valerius
1295 2350 1495 2397 (278-295).
