1874 2826
936 275 983 311 32

310 384 448 419 ventos
460 391 678 427 magnopere
691 382 847 418 fremere
860 383 901 418 et
911 383 1072 427 aequora
1083 392 1242 428 poscere.
1255 383 1418 428 Quorum
1430 383 1591 424 furorem
1599 414 1608 432 ‚

312 453 358 488 ut
394 460 506 496 saepe
542 450 622 487 fieri
655 450 815 491 solebat,
844 459 918 487 non
943 449 1020 487 iam
1045 451 1286 496 comprimere
1310 461 1446 495 ausus,
1472 454 1612 492 Aeolus

310 519 445 555 ventos
481 527 507 554 e
539 527 683 554 carcere
721 518 875 555 dimisit.
907 518 962 554 Ut
993 519 1098 564 equi,
1132 528 1225 564 quos
1256 519 1426 556 adductis
1458 522 1612 559 habenis

310 587 439 632 auriga
471 586 631 622 retinere
664 594 738 622 non
763 585 902 632 valuit,
928 587 1013 632 iugo
1037 586 1158 623 fracto
1178 586 1418 632 abruptisque
1442 589 1529 626 loris
1552 589 1612 626 hic

311 656 424 698 atque
448 653 520 689 illic
539 663 647 690 caeco
667 655 811 699 impetu
830 656 962 699 ruunt,
976 654 1030 690 sic
1042 655 1218 700 procellae
1229 655 1443 691 vehementi
1455 656 1612 694 stridore
1682 695 1685 697 Α

311 723 350 759 111
382 730 485 759 mare
517 722 761 768 praecipitant
790 724 830 759 et
862 731 1017 769 magnos
1049 723 1186 760 fluctus
1210 723 1257 760 ad
1280 731 1418 760 navem
1442 722 1610 762 volvunt.

310 791 471 828 Aeolum
507 794 642 828 ventos
675 800 907 847 compescere
935 801 1009 828 non
1034 800 1160 836 posse,
1186 800 1325 828 novum
1349 792 1612 829 documentum

310 861 391 902 est,
424 868 486 896 res
514 859 561 896 ad
586 859 739 896 deorum
763 861 937 896 naturam
962 861 1003 896 et
1026 858 1073 896 ad
1098 860 1369 905 mythologiam
1387 856 1613 905 pertinentes

310 937 333 963 a
358 927 508 964 Valerio
532 937 604 965 non
630 928 795 973 intelligi.
821 928 893 964 Eos
918 927 1018 963 enim
1039 928 1183 973 proprie
1206 936 1288 964 esse
1311 928 1487 973 physicas
1511 930 1612 974 pote-

309 996 431 1032 states
455 996 661 1032 humanam
686 995 844 1032 formam
860 995 1010 1032 indutas
1030 1004 1150 1041 neque
1168 995 1321 1032 minime
1340 997 1386 1032 iis
1407 996 1537 1032 invitis
1549 997 1613 1032 sed

311 1066 409 1101 nutu
445 1073 573 1101 eorum
605 1064 883 1101 vicissitudines
912 1065 951 1101 in
984 1064 1082 1101 coelo
1111 1065 1150 1100 et
1181 1065 1220 1101 in
1253 1065 1348 1101 mari
1379 1067 1419 1101 et
1450 1066 1489 1101 in
1512 1055 1613 1101 terra

311 1133 409 1178 fieri,
441 1142 558 1169 nemo
594 1135 654 1169 est
685 1133 749 1178 qui
768 1134 899 1169 nescit.
924 1132 1041 1169 Multa
1065 1132 1215 1177 quidem
1238 1134 1363 1169 mutat
1388 1133 1613 1179 mythologia

311 1200 520 1238 fabularum
552 1201 729 1246 originem
757 1210 830 1237 non
855 1201 932 1238 iam
957 1210 1110 1245 curans,
1140 1200 1205 1237 sed
1226 1202 1308 1237 tota
1328 1209 1457 1237 earum
1478 1202 1612 1238 natura

310 1268 459 1304 detorta
493 1268 701 1313 imperitiae
732 1270 882 1313 poetam
916 1278 939 1304 a
964 1277 1054 1304 vera
1081 1268 1246 1304 doctrina
1269 1267 1429 1305 alienum
1453 1269 1609 1304 incusat.

310 1335 450 1372 Utrum
484 1336 621 1373 Boreas
644 1337 724 1382 ipse
747 1336 854 1373 Aeoli
878 1336 1033 1381 imperio
1057 1336 1245 1372 subiectus
1268 1344 1317 1371 an
1340 1336 1401 1371 sui
1424 1335 1516 1372 iuris
1540 1336 1609 1380 sit,

310 1403 430 1448 qualis
451 1403 608 1449 denique
633 1404 705 1449 sit,
731 1404 1038 1450 Septentrionalis
1061 1404 1222 1450 regionis
1241 1405 1368 1440 custos
1387 1412 1436 1439 an
1456 1406 1609 1447 ventum

310 1472 355 1508 de
380 1473 439 1508 his
463 1474 769 1519 omnibuspoeta
792 1483 860 1510 nos
884 1474 990 1510 celat.
1015 1473 1071 1510 At
1091 1474 1221 1518 utique
1240 1473 1321 1518 ipse
1338 1473 1377 1508 in
1390 1482 1527 1508 navem
1538 1482 1611 1509 non

305 1542 461 1586 corruit,
486 1551 572 1578 cum
596 1542 635 1578 in
659 1551 704 1578 ea
723 1545 829 1588 parte
849 1543 963 1579 maris
983 1540 1126 1587 Aegaei
1140 1541 1246 1578 venti
1258 1550 1281 1577 a
1294 1540 1611 1586 Septentrionibus

309 1610 472 1647 orientes
489 1620 666 1657 persaepe
678 1611 844 1648 maximo
855 1611 990 1648 damno
1003 1610 1154 1656 navigia
1166 1610 1342 1647 afficiant.
1355 1609 1433 1654 Quo
1445 1611 1610 1656 tempore

311 1678 449 1714 Boreae
474 1679 645 1715 omnibus
669 1680 809 1716 viribus
832 1679 1016 1724 agendum
1042 1681 1142 1720 erat,
1168 1687 1301 1715 arcano
1326 1680 1367 1714 et
1390 1677 1484 1713 miro
1505 1678 1610 1714 modo

311 1756 334 1782 e
355 1749 554 1792 conspectu
571 1747 724 1784 abierat.
749 1747 979 1793 Quamquam
992 1749 1121 1784 autem
1132 1747 1304 1784 Valerius
1315 1745 1520 1790 Vergilium
1531 1746 1611 1782 imi-

309 1815 417 1850 tatus
454 1815 532 1859 est,
563 1815 801 1851 nihilominus
836 1824 977 1852 errores
1005 1815 1171 1852 nonnulli
1195 1815 1313 1850 risum
1337 1816 1513 1849 movent:
1538 1814 1609 1850 618

457 1882 606 1918 excussi
631 1882 802 1919 manibus
827 1883 921 1920 remi
941 1891 1189 1927 conversaque
1206 1882 1366 1919 frontem

456 1949 590 1994 puppis
610 1949 649 1985 in
669 1949 827 1986 oblicum
851 1959 1002 1987 resonos
1025 1951 1126 1986 latus
1150 1949 1284 1994 accipit
1309 1949 1423 1992 ictus,

455 2016 540 2053 vela
565 2025 677 2062 super
701 2017 904 2054 tremulum
927 2018 1074 2054 subitus
1098 2016 1294 2053 volitantia
1310 2016 1451 2053 malum

455 2086 566 2122 turbo
592 2086 708 2132 rapit,
735 2088 806 2123 etc.
833 2087 1037 2123 618-621,

357 2154 528 2192 Valerius
561 2155 700 2198 nescit,
735 2164 850 2200 quum
880 2157 1022 2191 arrecto
1046 2154 1144 2209 malo
1177 2155 1216 2190 et
1241 2154 1334 2198 velis
1359 2155 1479 2199 passis
1504 2156 1608 2192 venti

308 2223 460 2259 secundi
508 2222 715 2268 propellant
765 2232 920 2267 navem,
971 2232 1174 2267 numquam
1211 2224 1345 2258 nautas
1394 2223 1508 2260 remis
1552 2224 1609 2260 uti

308 2291 443 2327 solere!
469 2290 563 2328 Vide
596 2290 699 2327 enim
724 2299 849 2326 rerum
873 2290 1039 2326 ordinem
1063 2291 1102 2327 in
1127 2290 1303 2327 Aeneidis
1332 2292 1349 2327 1
1371 2300 1380 2326 :
1404 2292 1493 2328 103:
1519 2291 1609 2328 talia

308 2359 462 2396 iactanti
511 2359 675 2396 stridens
725 2358 894 2403 aquilone
933 2359 1096 2405 procella
1140 2359 1260 2396 velum
1297 2358 1456 2396 adversa
1503 2360 1607 2406 ferit,
