1874 2826
868 288 957 325 '115

270 391 476 436 ,profectam
491 395 544 430 ut
563 394 806 446 medicamina
825 384 947 444 Iasoni
962 395 1090 449 daret,
1107 380 1249 440 quibus
1261 395 1436 431 servatus
1448 395 1570 440 procul

274 468 297 495 a
333 459 499 499 Colchide
535 462 573 499 in
609 459 766 509 patriam
802 459 919 501 redire
950 456 1095 510 posset,
1133 472 1222 500 mox
1245 461 1409 500 lacrimis
1432 463 1570 500 obortis

273 537 436 566 amorem
476 527 564 567 non'
586 527 682 568 iam'
706 531 889 568 celantem
932 531 1092 568 invitam
1128 531 1298 568 Iasonem
1335 530 1569 568 adhortatam

273 605 356 633 esse
388 599 433 634 ut
463 606 507 649 se,
536 598 581 643 ins
598 592 791 642 Graeciam
813 593 1021 635 abduceret.
1061 598 1161 643 Quae
1185 598 1293 635 Iason
1318 598 1364 634 de
1388 597 1569 641 Ariadne,

272 665 403 712 Minois
426 665 517 709 filia,
544 655 740 711 ,depatria
764 658 851 712 sua,
884 667 929 703 de
952 666 1176 703 Orchomeno
1200 667 1294 704 dixit
1319 676 1393 703 non
1417 666 1568 703 doctum

93 727 115 762 ι’
192 772 194 774 ,
240 746 243 784 j
270 732 568 770 additamentum
602 722 815 775 ‚habendum
847 735 908 769 est
941 733 1006 769 sed
1038 734 1150 770 habet
1182 735 1386 770 maximam
1411 734 1490 770 vim
1523 736 1569 770 ut

271 792 404 847 virgini
428 800 644 847 iam2‘amori
669 801 923 839 succumbenti
946 801 1199 847 persuadeant.

314 859 498 904 'Nondum'
524 869 735 904 concionem
759 869 1058 913 Argonautarum
1084 872 1172 905 ante
1197 871 1309 912 diem,
1343 880 1414 915 quo
1437 871 1565 907 Medea

270 938 310 974 et
333 936 440 974 Iason
466 935 635 974 collocuti
659 938 770 981 sunt,
795 937 962 974 habitam
986 938 1290 980 commemoravi,
1314 947 1362 975 ne
1373 939 1565 985 expositio-

271 1013 357 1040 nem
392 1005 580 1039 nascentis
616 1004 766 1040 Medeae
803 1005 940 1040 amoris
973 1005 1181 1041 inciderem.
1217 1006 1324 1041 Iason
1349 1016 1433 1042 cum
1457 1008 1565 1047 sociis

271 1071 350 1108 dira
361 1071 502 1108 Aeetae
515 1071 618 1108 iussa
630 1072 919 1109 communicavit
928 1100 937 1115 ,
960 1071 1096 1109 docens
1108 1081 1148 1108 se
1161 1092 1208 1098 —
1221 1072 1312 1109 nihil
1323 1073 1423 1109 enim
1435 1073 1565 1109 melius

270 1139 372 1176 factu
397 1148 481 1176 esse
512 1159 547 1165 —
580 1140 724 1177 labores
749 1141 967 1186 suscepisse.
992 1141 1086 1178 Cum
1111 1142 1293 1189 plerisque
1306 1141 1566 1185 insuperabiles

271 1207 508 1244 difficultates
532 1217 616 1244 esse
641 1207 873 1254 viderentur,
899 1208 1039 1252 Peleus,
1057 1209 1176 1245 iratus
1199 1208 1295 1245 dixit
1318 1217 1378 1251 se,
1405 1209 1437 1245 si
1461 1209 1566 1246 Iason

270 1275 476 1322 recusaret,
502 1286 574 1321 quo
595 1264 724 1313 minus
733 1276 770 1319 id
783 1276 974 1323 perficeret
984 1305 993 1322 ,
1007 1286 1080 1314 non
1094 1286 1201 1322 posse
1215 1278 1336 1314 sinere
1348 1277 1461 1314 alium
1475 1287 1567 1314 mor·

269 1345 322 1380 tis
343 1344 504 1389 periculo
515 1344 619 1380 obici.
646 1344 767 1388 Quum
780 1335 966 1390 Telamon,
979 1345 1062 1389 Ida,
1078 1345 1306 1390 Tyndaridae
1319 1345 1566 1390 indignatione

268 1413 472 1453 fremerent
495 1413 534 1447 et
553 1413 679 1457 Argus
690 1398 818 1449 Phrixi
830 1412 904 1449 filio
916 1413 1099 1458 auxilium
1111 1413 1260 1449 Medeae
1271 1413 1452 1458 pollicitus
1464 1418 1565 1450 esset

269 1481 319 1516 dii
342 1469 507 1517 faustum
532 1490 640 1517 omen
661 1481 859 1517 dederunt:
885 1481 1109 1522 columbam,
1124 1481 1260 1517 Veneri
1282 1490 1424 1517 sacram
1436 1491 1563 1528 avem,

267 1548 451 1593 accipitris
486 1548 565 1584 vim
605 1548 842 1593 effugientem
874 1551 914 1584 et
938 1549 977 1585 in
1004 1548 1129 1585 sinum
1154 1548 1561 1586 Iasonis-delabentem.

267 1615 407 1652 Laetus
430 1605 597 1661 agnoscit
616 1616 766 1670 Mopsus
785 1617 965 1652 auxilium
978 1616 1136 1653 Veneris
1157 1626 1180 1652 a
1192 1616 1330 1653 Phineo
1342 1617 1562 1661 promissum

196 1674 198 1676 ’
267 1683 332 1720 sed
357 1670 460 1730 Idas,
485 1685 530 1720 ut
554 1676 700 1728 semper
722 1683 825 1720 ferox
851 1684 1028 1729 proelium
1053 1684 1199 1721 mavult
1224 1684 1428 1720 489—576.

315 1752 376 1789 Ab
395 1752 468 1788 alia
492 1754 596 1798 parte
620 1752 734 1798 igitur
757 1753 992 1797 Argonautas
1017 1752 1135 1797 primo
1156 1752 1347 1797 plerosque
1360 1753 1560 1798 perculsos,

266 1828 355 1856 mox
391 1822 518 1857 autem
556 1821 648 1857 bono
682 1821 804 1857 omine
837 1822 987 1866 accepto
1010 1820 1238 1857 confirmatis
1263 1821 1398 1857 animis
1421 1820 1560 1857 Iasonis

265 1888 406 1925 virtute
427 1888 625 1931 confidere,
647 1889 693 1925 ab
713 1888 786 1925 alia
798 1892 926 1925 contra
937 1891 1042 1934 parte
1054 1888 1212 1934 legimus
1225 1889 1390 1934 Aeeten,
1416 1888 1558 1924 ferocis-

267 1957 404 1994 simum
440 1967 585 2003 regem,
622 1957 752 1994 Iasone
777 1958 895 1994 occiso
919 1958 997 1994 vim
1022 1960 1062 1994 et
1087 1957 1239 1994 insidias
1263 1958 1299 1994 in
1325 1958 1560 2002 Argonautas

265 2026 456 2070 paravisse
481 2026 686 2062 557-608.

314 2093 449 2137 Nocte,
482 2103 575 2139 quae
607 2093 825 2138 colloquium
849 2093 990 2130 Iasonis
1014 2095 1055 2130 et
1078 2094 1226 2130 Medeae
1250 2093 1433 2138 sequitur,
1458 2092 1559 2130 Iaso-

232 2164 238 2170 ·
264 2169 351 2197 nem
376 2160 501 2197 omnia
524 2170 548 2197 a
571 2161 699 2199 Medea
720 2161 863 2198 monita
882 2161 1055 2207 perficere
1067 2164 1107 2198 et
1118 2161 1344 2206 impavidum
1357 2160 1558 2197 terroribus

265 2229 459 2265 dirissimis
481 2238 610 2274 parem
630 2237 715 2265 esse
734 2229 900 2266 narravit
918 2229 1133 2274 Apollonius
1153 2229 1272 2265 fusius
1289 2230 1329 2264 et
1340 2228 1423 2264 aliis
1434 2229 1558 2265 verbis

263 2298 376 2341 atque
400 2297 439 2333 in
463 2296 636 2342 colloquio
660 2307 683 2333 a
706 2306 767 2333 me
787 2299 948 2334 tractato
966 2306 1057 2333 usus
1070 2298 1140 2333 est.
1165 2296 1384 2332 Rectissime
1397 2297 1557 2333 terrores

264 2366 310 2401 ab
333 2365 474 2402 Hecate
499 2365 639 2402 oblatos
663 2366 821 2402 inseruit
845 2367 989 2411 noster,
1028 2365 1160 2410 quibus
1184 2364 1374 2407 Iasonem,
1407 2365 1558 2403 Medeae
