1874 2826
919 261 965 297 70

285 366 444 410 questus
473 376 622 404 omnem
645 366 785 412 prolem
811 367 923 403 morti
948 365 1187 417 succumbere
1212 367 1290 404 fato
1313 368 1487 404 resistere
1512 377 1586 405 non
1607 380 1609 382 ·
1642 350 1647 353 μ

287 434 402 470 audet
426 434 472 471 cf.
499 435 569 471 128
595 444 670 479 seq.

408 537 520 580 atque
544 535 624 571 ideo
649 544 769 581 neque
795 544 863 581 ego
887 536 982 572 hanc
1009 535 1163 573 tumidis
1188 511 1358 577 avertere
1384 532 1526 595 ventis,

409 604 591 648 temptavi
615 588 768 640 tenuive
793 605 930 645 ratem,
957 614 1025 641 nec
1050 604 1126 640 iam
1151 613 1253 650 mora
1278 600 1389 640 morti

408 671 492 707 hinc
517 671 590 708 erit
613 671 687 708 ulla
710 673 811 709 tuae.
1318 677 1320 679 ’

334 773 388 809 Ut
412 773 514 809 cives
538 774 748 810 libertatem
773 775 813 810 et
837 774 1101 818 rempublicam
1113 756 1532 828 desiderabanthoesis
1543 774 1584 809 et

283 842 422 887 scripta
445 842 565 878 dolore
591 845 632 879 et
655 843 810 880 tristitia
836 842 895 888 (cf.
921 838 1238 888 operaIuvenalis
1258 828 1452 888 etz-Taciti)
1477 843 1586 888 plena

284 911 393 955 sunt,
426 911 480 946 sic
509 911 548 947 in
573 911 730 956 Olympo
754 911 811 948 dei
836 911 913 948 fato
937 914 977 948 et
1002 911 1100 948 Iovis
1124 896 1277 957 imperio
1303 910 1460 947 subiecti
1484 910 1585 946 omni

283 978 442 1022 pristina
466 978 658 1015 alacritate
683 982 724 1016 et
747 979 863 1016 animi
887 980 1012 1024 vigore
1035 982 1174 1016 carent.

333 1045 501 1091 Uterque
533 1048 643 1092 poeta
675 1048 767 1083 bene
799 1047 958 1093 luctam,
992 1056 1064 1092 quo
1088 1047 1256 1092 Amycus
1283 1046 1447 1083 Castoris
1472 1049 1586 1082 manu

282 1114 436 1159 cecidit,
474 1115 687 1162 descripsit*
705 1117 856 1152 tantum
892 1116 1048 1152 variatis
1079 1115 1411 1160 comparationibus
1440 1114 1486 1150 cf.
1512 1114 1583 1159 Ap.

287 1181 432 1218 70—-74
477 1184 517 1218 et
561 1182 642 1219 Val.
690 1183 895 1221 268—271.
955 1183 1169 1220 Theocritus
1212 1185 1341 1219 autem
1377 1183 1453 1219 iam
1490 1183 1585 1218 hanc

284 1259 449 1295 pugnam
485 1251 523 1287 in
556 1251 682 1297 idyllio
715 1251 762 1287 ad
796 1251 993 1288 Dioscuros
1024 1252 1279 1297 descripserat.
1317 1251 1456 1296 Digna,
1488 1259 1583 1296 quae

284 1318 459 1362 inspicias
496 1322 586 1356 sunt
621 1319 805 1364 Apollonii
842 1320 987 1356 38—44
1025 1322 1065 1356 et
1099 1321 1253 1356 70-89,
1291 1319 1436 1364 Amyco
1467 1318 1585 1354 occiso

282 1386 420 1423 incolae
453 1396 539 1424 cum
572 1388 801 1433 Argonautis
829 1388 1007 1433 proelium
1032 1387 1293 1433 committunt,
1318 1396 1390 1432 quo
1417 1386 1507 1423 victi
1530 1386 1585 1423 in-

282 1455 451 1491 cursione
487 1456 812 1500 Mariandynorum
850 1455 1057 1492 maximum
1095 1456 1361 1492 detrimentum
1386 1454 1583 1500 accipiunt.

283 1523 386 1559 Haec
422 1532 566 1568 quoque
599 1523 776 1569 digressio
801 1525 948 1568 spectat
973 1524 1020 1560 ad
1045 1524 1176 1560 efferos
1201 1525 1241 1560 et
1265 1524 1437 1560 barbaros
1462 1531 1584 1559 mores

284 1591 504 1636 incolarum,
538 1592 600 1636 qui
631 1591 793 1628 Pontum
819 1591 1009 1628 Euxinum
1033 1592 1292 1637 inhospitalem
1317 1591 1467 1627 reddere
1492 1590 1585 1626 sole-

283 1659 393 1704 bant,
432 1660 476 1695 cf.
514 1659 675 1696 fabulam
712 1660 757 1696 de
793 1660 912 1697 Diana
942 1660 1107 1697 Taurica.
1152 1659 1402 1697 Verisimilius
1439 1667 1584 1704 quoque

284 1726 423 1764 incolas
448 1727 603 1770 feroces,
623 1728 889 1773 quinquaginta
909 1729 1148 1774 Argonautas
1168 1737 1362 1774 aggressos
1376 1736 1459 1764 esse
1471 1736 1584 1772 quam

282 1795 372 1840 fuga
404 1804 552 1840 sparsos
578 1804 671 1831 esse.
706 1795 876 1832 Valerius
900 1799 1027 1833 autem
1051 1796 1200 1833 induxit
1224 1796 1453 1841 Dymantem
1474 1804 1585 1839 quen-

282 1862 388 1907 dam,
427 1862 533 1898 cuius
566 1862 728 1898 amicum
761 1862 914 1899 Otreum
947 1872 1013 1899 rex
1045 1864 1248 1909 interfecit,
1274 1864 1366 1900 miro
1392 1862 1499 1898 modo
1524 1862 1583 1909 (cf.

285 1930 480 1966 151—153
505 1931 545 1966 et
573 1929 656 1975 168)
683 1932 893 1976 servatum,
919 1932 981 1975 qui
1005 1931 1112 1976 longo
1138 1940 1308 1968 somene
1327 1930 1492 1967 advenas
1504 1939 1586 1967 cru·

282 1998 381 2034 deles
414 1999 551 2044 Amyci
584 2008 708 2035 mores
741 2000 828 2035 ante
854 1999 991 2044 Amyci
1016 2003 1055 2036 et
1080 2000 1244 2036 Castoris
1269 2001 1433 2044 pugnam
1457 1997 1564 2035 docet
1573 2024 1585 2044 ,.

282 2075 353 2111 quo
391 2067 534 2103 factum
572 2069 633 2103 est
670 2069 714 2103 ut
750 2066 941 2109 Valerius,
977 2069 1040 2113 qui
1071 2067 1250 2114 proelium
1284 2067 1596 2112 Argonautarum*
1639 2094 1642 2099 f

282 2136 322 2170 et
354 2135 563 2180 Bebrycum
597 2135 741 2181 omisit,
780 2136 851 2171 254
878 2145 1010 2172 versus
1034 2136 1308 2181 consumpserit
1331 2136 1378 2171 ad
1403 2136 1585 2181 Apollonii

282 2204 546 2247 argumentum
577 2202 615 2250 (2
642 2213 651 2239 :
681 2202 840 2249 1—163)
874 2203 1131 2240 enarrandum.-
1170 2203 1270 2248 Quae
1308 2207 1514 2248 sequuntur
1545 2205 1584 2240 in

304 2341 338 2385 1)
361 2344 405 2376 cf.
429 2353 547 2385 quoque
569 2345 671 2386 Apoll.
693 2344 840 2377 Biblioth.
865 2344 882 2376 1
908 2356 916 2377 τ
939 2344 959 2377 9
983 2355 991 2376 :
1015 2344 1057 2376 20
1081 2356 1088 2377 :
1113 2343 1141 2378 2.
