1874 2826
966 275 1014 310 60

338 385 379 419 et
411 393 504 428 quos
532 384 668 419 iterum
693 383 731 418 in
755 384 895 418 terram
923 391 1088 418 remeare
1113 381 1218 427 (385,
1246 381 1352 427 386),
1376 383 1486 420 Furia
1510 385 1647 420 comite

338 451 475 498 addita,
485 451 575 488 sinit
587 450 705 496 Pluto,
719 450 864 496 proprie
878 450 1033 487 eaedem
1046 450 1135 486 sunt
1147 459 1191 486 ac
1202 449 1335 486 Furiae
1347 449 1463 496 ipsae,
1472 460 1495 487 a
1508 451 1647 496 quibus

339 520 509 557 homines
533 518 682 554 sceleris
708 518 778 554 sibi
805 519 941 554 conscii
954 521 1151 555 vexantur.
1166 518 1284 554 Curas
1295 520 1425 554 autem
1437 521 1478 555 et
1489 520 1648 558 timores
1691 564 1695 568 ,

339 587 506 622 homines
530 586 658 621 sontes
683 586 908 622 intrinsecus
922 586 1167 622 sollicitantes
1179 585 1649 632 extrinsecusinhomines-

340 655 475 690 irruere
511 653 661 690 indutos
697 653 892 690 Furiarum
930 654 1089 699 formaS,
1126 654 1207 690 sine
1238 653 1322 690 ullis
1345 653 1645 698 philosophorum

341 721 515 757 doctrinis
546 721 621 757 iam
651 721 926 765 antiquissimis
960 722 1189 766 temporibus
1218 721 1525 765 excogitaverunt
1549 730 1645 757 mor-

340 788 435 825 tales
462 786 510 835 1).
536 787 642 825 Nova
666 792 707 826 et
732 789 826 825 mira
851 789 1023 825 adiunxit
1042 789 1233 832 Valerius,
1259 788 1355 834 quod
1379 788 1568 833 homines,
1581 789 1647 833 qui,

340 865 408 892 sua
433 859 566 901 sponte
591 857 728 893 scelere
751 857 890 893 nefario
913 856 1043 902 polluti
1069 857 1164 902 sint,
1190 867 1214 893 a
1237 856 1358 893 Furiis
1383 856 1513 893 vexari
1534 856 1647 893 finxit

341 925 407 961 sed
431 934 514 970 eos,
553 926 616 970 qui
640 926 751 962 inviti
775 925 913 962 crimen
941 926 1195 962 commiserint
1219 925 1354 970 quique
1378 935 1451 962 non
1477 926 1651 961 insontes

342 992 408 1028 sed
433 992 560 1037 culpae
585 993 750 1038 proxime
776 992 876 1038 (399)
901 993 996 1037 sint,
1025 996 1151 1029 mente
1172 993 1317 1028 conscia
1340 994 1381 1028 et
1404 993 1553 1028 tantum
1566 992 1652 1028 suis

342 1060 452 1096 factis
477 1061 576 1106 carpi
601 1061 655 1104 2):
681 1061 878 1097 discrimen
902 1061 1038 1098 falsum
1059 1062 1242 1106 nimisque
1266 1061 1488 1106 quaesitum.
1515 1060 1648 1096 Omnia

344 1129 464 1171 enim,
488 1138 581 1173 quae
606 1129 774 1165 homines
799 1130 869 1165 sibi
894 1130 1043 1165 sceleris
1073 1129 1208 1165 conscii
1229 1130 1357 1165 mente
1378 1129 1542 1174 agitant,
1556 1129 1650 1164 sunt

344 1196 476 1231 Furiae
515 1197 616 1241 ipsae
653 1206 721 1232 nec
757 1196 875 1233 ullum
901 1197 1100 1233 discrimen
1126 1205 1209 1232 esse
1233 1198 1360 1241 potest
1383 1197 1481 1232 inter
1515 1195 1652 1232 Furias

344 1266 385 1299 et
409 1265 593 1300 consciam
618 1267 797 1301 mentem.
828 1265 958 1301 Manes
983 1267 1131 1310 autem,
1157 1274 1249 1309 quos
1274 1264 1444 1301 Valerius
1464 1273 1529 1309 pro
1549 1263 1653 1300 Diris

344 1331 488 1376 posuit,
514 1331 653 1367 nullam
677 1333 724 1367 ab
749 1332 832 1368 aliis
844 1333 882 1368 in
895 1332 986 1368 alios
999 1333 1259 1368 transitionem
1272 1332 1426 1368 faciunt.
1438 1330 1646 1367 Secundum

343 1399 574 1445 Pythagorae
582 1426 592 1443 ,
605 1399 781 1446 Platonis
792 1400 947 1445 Vergilii
961 1400 1150 1445 opiniones
1158 1400 1203 1436 de
1211 1400 1420 1436 animorum
1429 1399 1654 1444 migratione

344 1467 459 1503 animi
495 1477 568 1504 non
604 1477 796 1504 caesorum
831 1468 897 1504 sed
931 1478 1078 1514 eorum,
1108 1469 1170 1513 qui
1195 1469 1336 1504 crimen
1361 1467 1650 1512 commiserunt,

346 1535 527 1580 corporeis
564 1537 723 1572 vinculis
755 1536 869 1572 soluti
903 1536 1124 1573 oblivionem
1149 1539 1188 1572 et
1212 1537 1356 1581 quitem
1379 1537 1465 1581 post
1488 1536 1647 1571 mortem

346 1613 419 1639 non
454 1604 646 1648 attingunt
685 1604 751 1640 sed
784 1607 869 1649 post
902 1604 1031 1649 longos
1064 1613 1204 1640 errores
1235 1604 1350 1640 variis
1375 1604 1414 1640 in
1439 1604 1654 1649 corporibus

347 1671 501 1707 moratis
534 1674 575 1707 et
598 1672 653 1707 ita
677 1672 811 1707 scelere
837 1672 1018 1708 absolutis
1043 1673 1195 1708 tandem
1218 1673 1431 1717 ignoscitur.
1457 1671 1650 1708 Valerium

347 1738 462 1782 igitur
496 1748 562 1774 suo
599 1740 750 1775 obscuro
788 1740 914 1782 modo,
954 1740 1017 1784 qui
1049 1740 1170 1776 taedio
1195 1739 1327 1785 plenus
1352 1743 1430 1783 est,
1462 1738 1654 1775 nonnullis

343 1893 422 1924 quae
443 1885 513 1924 post
534 1885 661 1916 mortem
683 1884 792 1916 scelere
814 1885 932 1925 polluta
954 1885 1106 1925 quiescere
1128 1886 1259 1926 nequeat
1281 1884 1334 1917 sed
1355 1886 1424 1925 post
1441 1884 1556 1916 mu1tas
1566 1885 1654 1916 tran-

344 1943 469 1975 sitiones
501 1944 666 1983 purgetur,
701 1942 804 1975 docuit
836 1943 967 1984 Benoit,
997 1944 1084 1976 cuius
1113 1944 1181 1975 vide
1214 1943 1438 1975 adnotationem
1468 1943 1501 1974 in
1529 1952 1650 1975 versum

344 2002 418 2035 743.
441 2001 524 2034 Fieri
546 2003 656 2042 potest,
680 2003 715 2032 ut
736 2001 875 2033 Valerius
896 2003 980 2035 hunc
1001 2002 1130 2043 Vergilii
1152 2002 1253 2034 locum
1275 2011 1337 2034 non
1358 2002 1434 2033 bene
1456 2001 1651 2039 intellexerit,

344 2070 404 2100 quo
425 2069 525 2093 errore
546 2060 622 2092 haec
644 2059 681 2092 de
703 2059 846 2091 Manibus
867 2060 968 2100 opinio
990 2061 1056 2092 eius
1078 2063 1151 2092 nata
1174 2060 1225 2092 sit.

389 2119 422 2158 1)
444 2118 589 2150 conferas
611 2118 733 2149 fabulas
756 2117 795 2148 ad
819 2117 956 2150 Orestem
978 2118 1175 2158 pertinentes.

387 2176 421 2217 2)
445 2177 529 2209 Iram
551 2176 648 2209 severi
670 2176 832 2216 sanguinis
854 2178 885 2208 et
907 2176 1047 2208 Dolorem
1070 2174 1186 2218 (partes
1209 2176 1304 2216 igitur
1325 2175 1462 2207 Manium
1471 2176 1492 2216 1)
1511 2176 1651 2217 precibus

345 2235 378 2267 in
399 2235 517 2276 effigies
538 2235 673 2267 virorum
695 2234 826 2266 transire
848 2235 954 2266 narrat
975 2234 1104 2266 Flaccus
1126 2243 1216 2266 versu
1237 2234 1320 2266 445:
1353 2235 1422 2274 post
1443 2236 1506 2266 tam
1528 2235 1652 2275 longam

345 2294 519 2333 doctrinam,
543 2303 635 2335 quam
659 2292 862 2334 (377—416)
886 2293 1084 2333 philosophus
1106 2294 1208 2325 noster
1230 2294 1357 2325 conatur
1367 2293 1509 2334 probare,
1523 2293 1651 2325 ridicula

346 2354 376 2384 et
397 2353 523 2393 puerilis
544 2353 689 2385 narratio.
