1874 2826
966 295 1011 329 12

337 403 493 445 apparet
521 401 695 437 nonnulla
729 400 812 452 libri
844 381 966 444 quinti
991 403 1031 436 et
1056 401 1155 437 sexti
1180 404 1330 437 auctore
1355 399 1511 437 Diodoro
1535 400 1642 437 Vale-

337 469 435 504 rium
459 469 620 504 auxisse.
655 467 837 504 Diodorus
860 477 953 512 non,
981 469 1026 504 ut
1051 468 1295 513 Apollodorus
1324 466 1380 514 1),
1407 470 1560 505 secutus
1584 470 1646 522 est

337 536 583 581 Apollonium.

387 605 489 641 Ante
507 603 700 640 Valerium
720 604 761 640 P.
781 604 976 641 Terentius
989 604 1107 641 Varro
1120 605 1303 642 Atacinus
1315 604 1498 650 Apollonii
1509 605 1642 641 Rhodii

338 672 589 717 Argonautica
628 673 667 709 in
714 672 891 709 Latinum
927 681 1137 709 sermonem
1175 674 1295 718 magis
1327 675 1492 708 verterat
1528 682 1642 718 quam

340 750 406 777 suo
438 740 590 777 arbitrio
622 750 714 776 usus
751 742 849 776 erat:
875 749 1073 776 numerum
1098 742 1274 785 quattuor
1299 741 1473 776 librorum
1498 749 1642 785 quoque

337 809 490 845 retinuit
517 807 565 854 1).

387 876 426 913 P.
452 876 606 912 Ovidius
631 876 730 912 Naso
755 877 794 912 in
820 876 1007 921 tragoedia
1032 876 1180 919 Medea,
1213 886 1307 921 quae
1332 885 1405 913 non
1431 877 1578 919 exstat,
1602 877 1641 912 in

337 944 497 989 epistula
529 944 699 988 Medeae,
727 953 821 988 quae
847 944 882 979 ei
906 943 1127 979 adscribitur
1156 945 1197 979 et
1221 944 1260 979 in
1285 943 1644 989 Metamorphosibus

337 1011 431 1048 VII:
450 1012 594 1048 1—400
618 1012 761 1048 fabulas
785 1011 1059 1057 Argonauticas
1084 1013 1322 1048 tractaverat.

387 1080 481 1116 Mira
513 1080 668 1125 Orphica
693 1080 962 1125 Argonautica,
991 1089 1086 1124 quae
1116 1082 1284 1126 exstant,
1309 1080 1355 1116 ad
1381 1082 1643 1125 argumentum

339 1150 508 1184 nostrum
542 1147 632 1184 nihil
665 1148 863 1193 pertinent.
889 1148 972 1184 Non
998 1150 1078 1184 tam
1103 1158 1250 1184 carmen
1275 1148 1420 1194 epicum
1445 1150 1505 1184 est
1530 1158 1643 1193 quam

340 1217 580 1259 sacerdotale,
602 1217 785 1261 imprimis
802 1217 1001 1260 Orphicum
1014 1217 1157 1252 cultum
1171 1218 1210 1252 et
1222 1217 1403 1261 mysteria
1416 1216 1454 1262 2)
1466 1216 1641 1261 explicat,

339 1284 482 1320 omittit
514 1287 580 1320 aut
614 1283 800 1320 nonnullis
830 1284 953 1320 verbis
977 1283 1206 1319 mentionem
1230 1283 1319 1320 facit
1344 1293 1472 1320 earum
1496 1293 1642 1325 rerum,

337 1362 430 1396 quas
455 1352 672 1396 Apollonius
698 1352 864 1388 Rhodius
889 1352 1066 1388 narravit.
1101 1352 1321 1388 Christianis
1346 1353 1572 1397 temporibus
1596 1352 1642 1388 ad

338 1419 494 1465 Orphica
531 1422 570 1456 et
600 1420 845 1465 Pythagorica
875 1420 1057 1465 mysteria
1081 1422 1192 1465 atque
1218 1429 1322 1456 sacra
1346 1422 1474 1456 contra
1499 1420 1644 1456 ecclesi·

337 1489 474 1524 asticos
498 1488 727 1524 defendenda
751 1488 851 1524 facta
877 1498 978 1532 esse,
1005 1490 1048 1524 ut
1070 1498 1169 1524 nunc
1189 1490 1363 1534 exstant,
1388 1488 1428 1523 F.
1451 1487 1583 1523 Jacobs
1603 1486 1645 1533 8)

338 1557 567 1593 assentiente
592 1556 633 1593 F.
659 1557 706 1593 A.
733 1557 839 1594 Wolf
859 1555 897 1604 4)
923 1556 1127 1593 luculenter
1151 1557 1432 1593 demonstravit.

388 1624 553 1660 Blossius
589 1625 777 1660 Aemilius
811 1625 1032 1660 Dracontius
1069 1625 1205 1661 saeculi
1238 1625 1273 1661 V
1307 1626 1376 1661 sub
1408 1625 1523 1660 finem
1546 1624 1646 1660 inter

338 1693 411 1728 alia
436 1692 591 1728 confecit
615 1701 731 1736 parva
756 1692 858 1736 epica
883 1692 1064 1728 carmina:
1086 1692 1245 1737 Hylam,
1271 1692 1449 1728 Medeam.

382 1807 415 1848 1)
439 1807 484 1839 Cf.
509 1808 597 1840 Prob.
620 1807 710 1847 Verg.
734 1808 834 1848 Georg
857 1808 875 1837 2
901 1819 908 1839 :
935 1807 998 1839 126
1022 1808 1135 1846 Varro,
1158 1808 1212 1849 qui
1235 1809 1380 1848 quattuor
1391 1807 1485 1839 libros
1495 1807 1532 1839 de
1542 1806 1642 1847 Argo-

336 1866 440 1898 nautis
473 1866 583 1905 edidit,
618 1868 649 1898 et
681 1866 800 1904 Quinct.
839 1866 880 1899 10
905 1878 913 1898 ε
937 1867 955 1898 1
981 1879 988 1899 :
1013 1866 1054 1899 87
1084 1867 1234 1899 Atacinus
1256 1867 1352 1899 Varro
1374 1866 1407 1898 in
1430 1866 1470 1897 iis
1491 1875 1545 1906 per
1567 1874 1646 1906 quae

334 1933 445 1956 nomen
479 1926 526 1955 est
558 1924 735 1961 adsecutus,
765 1925 914 1965 interpres
947 1925 1045 1965 operis
1079 1925 1190 1963 alieni,
1213 1934 1274 1956 non
1297 1924 1485 1964 spernendus
1507 1923 1646 1963 quidem,

334 1992 439 2015 verum
462 1982 501 2014 ad
523 1981 694 2022 augendam
716 1982 892 2015 facultatem
914 1982 1030 2015 dicendi
1054 1992 1163 2023 parum
1185 1983 1330 2023 locuples,

380 2041 412 2079 2)
435 2041 483 2073 De
505 2040 647 2081 Orphicis
669 2041 758 2072 rebus
780 2041 812 2072 in
834 2041 964 2073 Diodoro
986 2042 1019 2073 cf
1037 2041 1118 2074 Bibl.
1142 2041 1164 2072 4
1188 2052 1196 2072 z
1219 2041 1262 2072 43
1284 2052 1291 2072 :
1312 2040 1347 2079 2,
1371 2040 1393 2072 4
1413 2052 1420 2072 ε
1440 2040 1482 2072 48
1503 2051 1510 2072 :
1531 2041 1593 2073 eet
1606 2041 1646 2082 7,

335 2100 356 2131 4
380 2111 387 2131 ε
412 2099 455 2132 50
480 2111 487 2131 :
512 2098 543 2130 8.

378 2159 410 2196 3)
433 2158 624 2190 Vermischte
647 2157 800 2189 Schriften
822 2157 850 2189 V
874 2156 1059 2189 519—542.

379 2216 413 2256 4)
437 2217 544 2257 Operis
566 2215 683 2248 laudati
708 2225 778 2255 pag.
807 2215 883 2247 530.
