1874 2826
923 302 945 338 2

279 417 359 444 rem
379 418 489 444 suam
508 409 635 453 egerit.
661 408 733 445 Sed
745 411 946 454 antequam
958 409 1123 445 carmina
1134 410 1216 455 ipsa
1227 409 1329 454 epica
1341 410 1565 454 pertractem
1575 438 1584 455 ‚

280 477 326 513 de
346 477 469 513 fabula
489 476 741 521 Argonautica
758 476 932 512 nonnulla
954 476 1118 512 breviter
1135 477 1174 512 in
1186 476 1404 512 memoriam
1415 485 1587 513 revocare

280 555 353 582 non
379 545 511 582 inutile
536 554 629 590 opus
654 554 738 581 esse
762 554 854 581 reor.

329 614 547 659 Apollonius
574 613 739 649 Rhodius
764 615 805 649 et
828 613 999 649 Valerius
1023 613 1194 658 Flaccus,
1221 614 1284 657 qui
1309 622 1395 648 eum
1416 613 1588 650 imitatus

281 686 361 729 est,
394 683 557 719 fabulam
592 682 638 718 de
671 682 973 727 Argonautarum
1006 682 1141 718 itinere
1173 684 1327 727 uterque
1361 682 1463 726 epico
1486 690 1588 717 more

282 751 459 787 narravit.
485 750 746 796 Temporibus,
773 761 866 796 quae
892 752 1057 788 aetatem
1078 751 1292 787 historicam
1314 750 1588 796 praecedebant,

282 818 411 854 Graeci
444 818 596 855 fuerunt
618 818 681 864 qui
703 819 830 864 poesin
851 819 1013 864 epicam,
1034 828 1107 863 qua
1128 819 1247 863 prima
1266 818 1325 855 usi
1351 820 1459 863 sunt,
1485 817 1587 854 brevi

281 889 361 922 tam
399 887 608 931 elegantem
646 888 685 923 et
723 887 926 931 perfectam
958 886 1198 922 reddiderunt
1232 889 1277 923 ut
1301 886 1490 930 omnibus,
1523 886 1587 929 qui

281 956 412 998 postea
445 954 639 999 vixerunt,
675 954 816 990 illustre
847 956 1108 990 ornamentum
1132 954 1340 990 litterarum
1364 953 1588 990 Graecarum

282 1024 322 1058 et
354 1023 569 1067 exemplum
604 1022 813 1058 imitatione
837 1021 1003 1066 diligenti
1027 1022 1245 1067 perdignum
1270 1022 1473 1058 exstiterit.
1498 1021 1584 1058 Vox

283 1091 412 1126 autem
434 1090 619 1134 popularis
646 1098 803 1133 magnus
828 1091 868 1124 et
892 1089 1113 1134 praecipuus
1137 1089 1220 1125 fons
1246 1092 1322 1128 est,
1344 1089 1441 1124 unde
1466 1088 1589 1133 poesis

283 1158 386 1201 opica
410 1157 611 1192 haurienda
635 1159 717 1200 est3
750 1159 836 1201 post
859 1156 1002 1192 labores
1028 1159 1068 1192 et
1092 1157 1227 1201 proelia
1254 1156 1387 1192 fidibus
1412 1157 1450 1191 et
1475 1159 1588 1192 cantu

284 1225 441 1270 gaudere
462 1224 560 1261 inter
583 1224 711 1270 epulas
731 1224 847 1267 soliti,
866 1224 1052 1260 illustrare
1064 1226 1265 1269 coeperunt
1276 1223 1446 1260 homines
1459 1225 1498 1259 et
1510 1223 1587 1259 lau·

284 1293 390 1329 dibus
414 1293 595 1329 celebrare
621 1293 745 1328 omnia
764 1293 898 1336 quibus
918 1293 1033 1328 animi
1045 1294 1128 1329 tum
1141 1292 1274 1328 imbuti
1292 1294 1418 1337 erant,
1432 1292 1587 1337 proelia,

282 1360 405 1406 ludos,
440 1369 586 1397 amores
618 1362 689 1397 etc.
716 1360 873 1397 Factum
894 1360 1039 1405 aliquod
1061 1360 1296 1396 memorabile
1322 1369 1437 1405 saepe
1462 1359 1584 1396 effecit

284 1431 328 1465 ut
349 1429 384 1464 ei
401 1428 663 1473 adiungeretur
682 1429 777 1465 ratio
789 1428 959 1469 vivendi,
977 1437 1098 1464 mores
1111 1428 1232 1473 populi
1242 1455 1251 1470 ‚
1267 1428 1410 1473 studia,
1423 1437 1567 1464 amores
1577 1456 1587 1470 ,

284 1497 370 1533 irae.
409 1497 501 1541 Quid
526 1496 664 1532 mirum
691 1496 865 1531 mulieres
891 1497 931 1531 et
955 1495 1054 1531 viros
1079 1496 1239 1531 summis
1263 1495 1466 1531 virtutibus
1489 1504 1589 1539 prae-

286 1564 402 1610 ditos,
426 1574 519 1608 quae
540 1564 602 1600 illo
623 1567 791 1608 tempore
811 1563 1061 1600 remotissimo
1082 1563 1120 1599 in
1139 1564 1275 1600 honore
1287 1564 1413 1607 erant,
1435 1563 1588 1599 heroum

285 1634 326 1667 et
345 1632 580 1668 heroinarum
600 1632 677 1668 loco
699 1632 844 1667 habitos
864 1640 948 1667 esse
969 1634 1008 1667 et
1030 1631 1160 1676 dignos
1181 1631 1419 1668 existimatos
1440 1641 1590 1667 summa

285 1699 524 1736 veneratione
549 1701 588 1735 et
612 1700 763 1745 pietate.
783 1699 868 1735 Ilias
880 1702 1008 1736 autem
1020 1701 1059 1735 et
1072 1699 1237 1745 Odyssea
1250 1701 1340 1735 sunt
1352 1699 1589 1736 celeberrima

285 1767 451 1803 carmina
484 1768 522 1803 in
556 1768 690 1811 quibus
724 1768 868 1813 omnia,
908 1777 1001 1812 quae
1026 1768 1250 1804 Graecorum
1274 1777 1370 1803 nono
1394 1770 1435 1803 et
1458 1770 1589 1804 octavo

286 1835 432 1871 saeculo
466 1835 676 1871 viventium
708 1836 854 1881 propria
878 1838 1004 1877 erant,
1029 1836 1322 1873 luculentissime
1348 1845 1525 1882 expressa
1549 1838 1589 1871 et

286 1903 425 1940 tradita
446 1905 547 1939 sunt.
573 1902 681 1939 Dolor
700 1903 871 1945 Achillis,
892 1906 978 1949 post
998 1903 1144 1940 Troiam
1163 1906 1312 1949 captam
1324 1911 1460 1949 magna
1472 1903 1589 1939 maria

286 1980 440 2007 emensa
458 1973 499 2007 et
519 1979 661 2006 errores
679 1971 872 2017 victorum,
894 1972 1024 2008 deinde
1046 1972 1173 2009 civiles
1181 1973 1477 2017 perturbationes
1488 1974 1595 2009 ante--

287 2048 399 2083 quam
434 2039 543 2075 sedes
568 2039 709 2084 patrias
733 2041 773 2074 et
796 2040 1031 2076 matrimonia
1057 2049 1125 2076 sua
1149 2041 1435 2084 occupaverant,
1461 2039 1588 2076 funda—

288 2109 416 2143 menta
449 2109 559 2143 erant
593 2107 743 2151 grandis
776 2109 815 2142 et
841 2108 954 2152 ampli
982 2109 1121 2153 operis,
1147 2117 1219 2152 quo
1243 2108 1404 2144 indolem
1429 2108 1589 2145 Graecae

289 2176 410 2219 gentis
423 2177 463 2211 et
475 2175 692 2220 religionem
706 2175 856 2219 penitus
868 2175 1073 2219 perspicere
1086 2184 1296 2219 possumus.
1312 2175 1362 2211 Eo
1373 2177 1539 2221 tempore
1550 2175 1586 2222 1)

333 2291 363 2329 1)
386 2292 434 2323 W.
457 2292 493 2324 E.
518 2292 681 2324 Gladstone
703 2292 735 2323 in
757 2291 947 2323 Landmarks
968 2291 1002 2323 of
1020 2291 1162 2323 Homeric
1184 2291 1278 2332 Study
1301 2292 1436 2324 insanias
1458 2301 1530 2324 suas
1552 2292 1589 2324 de

286 2335 455 2367 Homericis
477 2335 661 2368 carminibus
684 2345 777 2377 parvo
799 2335 902 2368 libello
935 2336 1107 2377 complexus
1137 2337 1173 2367 ut
1195 2335 1381 2369 iuventutem
1401 2345 1590 2376 corrumpere

286 2379 382 2420 possit
393 2379 479 2411 falsis
490 2382 520 2412 et
532 2380 692 2413 imbecillis
704 2380 878 2419 sententiis,
891 2380 1072 2413 contrariam
1084 2380 1253 2421 opinionem
1265 2381 1380 2421 profert
1391 2381 1412 2413 5
1425 2382 1504 2422 (cap.
1515 2378 1586 2423 VI).
