1874 2826
841 285 887 320 15

216 390 410 428 Undarum
446 393 637 437 potentem
673 394 845 438 precatur
882 391 991 429 Iason
1031 393 1075 428 ut
1112 391 1182 428 sibi
1206 390 1376 436 ignoscat
1399 391 1517 429 invito

216 460 299 496 vias
334 470 399 506 per
435 471 536 498 mare
574 461 736 498 inlicitas
771 461 926 512 petenti.
965 460 1061 497 Tum
1094 461 1248 497 flamma
1285 469 1334 496 ex
1366 459 1452 504 igne
1476 461 1516 496 et

216 527 419 565 visceribus
457 531 586 566 exorta
624 529 702 565 dira
728 529 829 565 canit
852 528 1003 574 Mopsus
1027 531 1068 565 et
1092 529 1216 564 verbis
1240 527 1429 573 abruptiS,
1451 528 1516 564 sed

214 595 518 633 luculentissimis
567 597 741 633 nonnulla
782 597 828 632 de
876 596 1013 633 futuris
1062 596 1251 642 praedicit.
1301 596 1516 632 Admodum

215 664 438 707 reprehendo
462 665 558 709 quod
582 665 642 701 illo
667 665 841 701 vaticinio
866 665 956 700 1111111
981 666 1125 702 obscuri
1145 665 1205 701 vel
1218 665 1392 710 ancipitis
1403 665 1515 701 inest.

263 732 645 770 Animadvertendum
669 735 730 769 est
753 733 925 778 Mopsum
942 735 1131 778 postremo
1144 733 1350 778 praedicere
1358 732 1515 770 'caedem

214 800 355 837 Iasonis
378 801 573 837 liberorum
594 811 624 836 a·
641 801 770 837 Medea
795 800 933 837 factam
958 803 998 836 et
1016 801 1153 837 alteros
1177 801 1362 837 thalamos
1373 801 1516 846 iugales

215 867 327 915 (226).
352 867 443 905 Cum
471 878 514 905 ea
539 878 633 914 quae
658 869 765 905 vates
789 868 828 905 in
853 868 993 907 Valerii
1019 868 1181 904 carmine
1212 868 1306 905 mira
1325 868 1517 914 diligentia

216 937 329 973 nimis
368 938 537 973 accurate
582 936 815 981 praedicunt,
859 946 1004 980 semper
1042 923 1151 981 plane
1187 937 1379 979 eveniant,
1416 938 1514 974 haud

216 1004 369 1040 dubium
401 1004 492 1040 mihi
529 1006 607 1049 est,
646 1004 734 1048 quin
773 1003 944 1040 Valerius
984 1013 1132 1040 carmen
1172 1013 1284 1040 suum
1319 1014 1437 1048 usque
1468 1006 1516 1041 ad

216 1072 364 1109 Medeae
390 1072 510 1108 scelus
534 1072 732 1118 fugamque
753 1074 793 1108 et
818 1072 865 1108 ad
889 1081 1027 1108 navem
1051 1072 1089 1108 in
1115 1072 1336 1108 flammifero
1360 1072 1517 1118 Olympo

217 1142 400 1176 sacratam
425 1140 478 1186 (cf
499 1142 518 1176 1
535 1151 543 1176 :
559 1140 595 1187 4)
618 1141 834 1177 continuare
861 1141 930 1176 sibi
951 1140 1182 1185 proposuerit
1208 1138 1445 1186 (205—226).

266 1207 454 1244 Contraria
474 1209 539 1244 sed
558 1218 654 1244 vana
675 1211 716 1245 et
735 1208 861 1245 inania
873 1208 1077 1244 Phoebeius
1089 1208 1218 1244 Idmon
1235 1208 1269 1254 1)
1290 1208 1519 1253 Argonautis

217 1276 377 1312 divinat:
412 1286 497 1312 011111
529 1277 679 1321 Mopsus
704 1279 762 1312 tot
786 1277 866 1312 dira
892 1277 1068 1312 vaticinia
1093 1277 1399 1322 accumalaverit‚
1425 1278 1518 1314 nihil

216 1343 314 1379 dicit
339 1343 466 1379 Idmon
505 1344 576 1379 nisi
609 1346 764 1388 nautas,
799 1343 997 1380 dummodo
1034 1344 1169 1383 laboris
1207 1345 1394 1389 patientes
1418 1345 1518 1390 sint,

220 1412 343 1448 omnia
366 1412 527 1457 pericula
551 1413 697 1449 vincere
715 1422 836 1458 posse.
862 1412 976 1449 Tacet
988 1413 1088 1449 enim
1100 1416 1293 1449 aeternam
1305 1413 1457 1458 gloriam
1469 1414 1519 1450 ob

216 1480 377 1525 primum
401 1481 632 1517 maritimum
657 1481 729 1518 iter
750 1481 910 1523 factum,
930 1481 1082 1518 dearum
1103 1483 1144 1518 et
1164 1484 1223 1518 tot
1234 1482 1396 1519 virorum
1408 1491 1518 1527 opem

217 1551 258 1590 et
281 1549 440 1585 validam
465 1559 487 1585 a
510 1550 674 1585 Minerva
698 1552 950 1586 constructam
973 1559 1110 1585 navem
1136 1549 1373 1596 (227—239).

265 1617 441 1653 Lacrimis
465 1618 602 1654 obortis
626 1618 736 1654 flebili
759 1628 848 1654 voce
874 1608 1004 1664 (quid‘.)
1029 1618 1062 1653 si
1083 1619 1166 1662 quis
1183 1619 1382 1655 lacrimans
1393 1620 1518 1656 omnia

217 1685 312 1720 bona
332 1685 436 1720 nobis
460 1685 664 1730 ominetur,
676 1694 768 1720 num
779 1686 937 1721 eifidem
948 1686 1150 1721 habeamus
1158 1684 1194 1732 ?)
1214 1686 1521 1722 faustaillavati-

217 1752 313 1788 011113
333 1753 434 1788 canit
454 1751 614 1797 Mopsus.
641 1753 736 1788 Nam
749 1754 909 1789 mortem
922 1762 1029 1789 suam
1043 1754 1228 1798 providet,
1247 1764 1360 1798 quam
1374 1755 1517 1791 calami·

217 1822 337 1856 tatem
358 1820 428 1857 sibi
440 1821 530 1866 ipsi,
549 1830 621 1857 non
635 1821 859 1865 Argonautis
871 1821 1130 1857 imminentem
1143 1823 1254 1857 tacet.
1275 1822 1329 1858 Ea
1341 1823 1517 1860 vaticinia

217 1888 417 1924 admodum
438 1888 605 1924 Romana
624 1889 772 1933 quidem
784 1890 884 1924 sunt.
905 1889 1087 1925 Attamen
1101 1890 1255 1934 auguria
1267 1890 1420 1927 ridicula
1431 1900 1522 1927 esse>

218 1956 400 1993 Ciceronis
432 1957 507 1993 iam
545 1958 732 1994 sententia
757 1960 855 2003 erat,
882 1958 945 2002 qui
969 1959 1097 1993 narrat
1120 1957 1213 1993 duos
1238 1958 1453 2003 haruspices
1475 1959 1515 1995 in

217 2025 294 2062 foro
314 2025 385 2062 sibi
403 2027 638 2061 occurrentes
658 2027 776 2062 risum
798 2028 923 2062 tenere
945 2035 1018 2061 non
1041 2034 1160 2070 posse.
1187 2026 1268 2062 Hoc
1288 2028 1417 2062 autem
1437 2027 1516 2062 1000

217 2092 369 2128 flentem
402 2095 530 2129 vatem
555 2102 730 2137 prospera
753 2102 900 2138 canere,
925 2093 1081 2129 inauditi
1106 2095 1146 2129 et
1170 2093 1257 2129 novi
1281 2093 1417 2138 aliquid
1442 2095 1512 2130 est.

265 2159 479 2204 Antequam
517 2160 700 2205 Apollonii
730 2171 877 2198 carmen
915 2161 1116 2204 conferam,
1149 2170 1222 2197 non
1247 2169 1401 2206 possum
1426 2162 1514 2206 quin

218 2228 286 2263 hoc
305 2227 382 2262 loco
405 2229 550 2272 partem
574 2228 819 2265 Alexandrini
843 2230 963 2274 operis
982 2237 1183 2273 exponam,
1205 2237 1277 2272 quo
1288 2228 1525 2273 intelligatur·

263 2334 293 2372 1)
316 2334 409 2366 Recte
432 2334 527 2374 igitur
549 2335 641 2367 Iason
663 2335 685 2366 4
708 2346 716 2367 :
739 2334 822 2367 546:

489 2386 545 2409 nec
566 2380 652 2410 vates
674 2380 723 2410 sat
744 2379 805 2410 iam
828 2379 903 2411 mihi
925 2379 1049 2420 Mopsus
1070 2381 1101 2411 et
1122 2378 1238 2411 Idmon.
