1874 2826
911 289 958 326 22

274 395 403 434 drinus
442 397 553 442 poeta
589 405 662 432 uno
699 396 851 439 tenore,
890 405 1038 433 summa
1075 395 1220 442 poetica
1256 396 1296 433 vi
1329 399 1369 433 et
1400 397 1584 444 elegantia

273 464 420 500 Fabulae
443 466 705 509 argumentum
726 465 905 501 tractavit
916 464 988 509 ita,
1000 465 1047 501 ut
1067 465 1205 508 multa,
1219 465 1374 509 quaead
1387 466 1582 509 sacrificia,

274 532 321 569 ad
340 541 476 569 navem
488 532 640 571 inmate
654 531 870 578 deductam,
884 531 932 569 ad
945 531 1208 578 profectionem
1219 532 1342 577 ipsam
1353 532 1581 578 pertineant,

274 603 381 645 grata
400 610 468 637 nec
481 610 644 644 unquam
656 609 888 646 supervacua
900 600 1200 645 copiascribendi
1212 601 1327 637 oculis
1339 602 1582 645 proposuerit.

322 669 590 705 Profectionem
616 668 725 704 navis
751 670 792 704 et
816 668 978 705 locorum
1002 667 1121 704 situm
1133 669 1320 712 marisque
1333 670 1530 713 aspectum
1542 671 1582 706 et

272 737 409 778 litoris,
446 738 666 773 resonantes
704 737 824 772 undas
863 745 965 773 more
998 736 1194 772 Homerico
1219 735 1377 781 pulchre*
1394 736 1581 782 descripta

275 813 357 842 esse
382 803 691 841 animadvertam.
714 802 888 841 Iasonem
916 805 1045 840 autem
1070 802 1297 847 intrepidum
1321 802 1492 849 quidem,
1516 804 1583 841 sed

274 881 402 908 rerum
435 871 619 908 rationem
657 873 874 914 habentem,
914 871 1075 908 lacrimis
1110 880 1218 911 more.
1238 871 1340 917 epico
1364 872 1503 908 obortis
1529 870 1583 918 (in

272 939 481 988 regionibus
518 939 815 975 meridionalibus
853 940 893 975 et
924 938 1040 975 animi
1074 941 1201 975 motus
1234 938 1403 975 fortiores
1427 941 1516 976 sunt
1541 940 1583 976 et

272 1007 311 1043 in
347 1007 460 1043 Iliade
486 1009 526 1043 et
551 1007 716 1052 Odyssea
741 1007 956 1051 plerumque
981 1007 1074 1042 ssent
1098 1007 1245 1048 heroes,
1271 1007 1367 1051 quod
1391 1008 1581 1044 neminem

272 1073 438 1119 offendit)
463 1074 501 1110 in
526 1074 687 1119 patriam
712 1074 838 1110 oculos
864 1073 1071 1118 avertisse,
1098 1074 1252 1113 minime
1277 1074 1442 1119 improbo
1471 1074 1516 1120 1).

322 1143 422 1178 Mare
443 1144 554 1178 remis
578 1143 729 1187 pulsant
753 1145 906 1184 nautae,
919 1145 964 1178 ut
976 1142 1129 1186 graciles
1142 1143 1246 1187 pueri
1258 1142 1429 1179 tellurem
1442 1143 1579 1182 circum

269 1218 375 1245 aram
407 1208 500 1245 Delii
536 1209 729 1255 Apollinis.
767 1209 951 1254 Spumant
984 1209 1171 1245 caeruleae
1212 1208 1332 1245 undae
1361 1211 1580 1256 -manetque

271 1277 396 1313 album
421 1278 622 1322 vestigium
647 1278 774 1320 navis,
796 1279 841 1314 ut
865 1278 1002 1315 semita
1022 1278 1157 1314 virides
1170 1287 1235 1323 per
1247 1287 1417 1326 campos:
1431 1277 1577 1315 elucent

269 1345 411 1381 ahenea
455 1346 580 1391 Argus
624 1347 877 1395 omamentap
903 1346 962 1382 dei
1000 1355 1143 1391 quoque
1181 1347 1221 1381 et
1259 1345 1414 1381 semidei
1450 1345 1579 1382 florem

272 1413 446 1450 Graeciae
491 1414 702 1450 iuventutis
734 1415 772 1450 in
810 1424 906 1450 nave
943 1414 1237 1459 proficiscentem
1273 1413 1477 1459 aspiciunt,
1513 1423 1578 1450 ex-

274 1482 393 1517 tremo
432 1481 470 1515 in
503 1481 608 1516 litore
643 1480 776 1516 Chiron
813 1490 971 1525 parvum
1007 1481 1176 1518 Achillen
1208 1480 1388 1516 bracchiis
1425 1482 1579 1528 gestans

271 1551 313 1586 et
344 1559 367 1585 a
400 1549 469 1585 diis
494 1549 641 1586 salvum
665 1549 827 1587 reditum
851 1559 1019 1595 precans„
1031 1550 1186 1596 apparet
1210 1550 1330 1594 (grata
1354 1550 1394 1589 et
1418 1550 1577 1584 venusta

272 1616 419 1662 imago).
457 1617 550 1652 Cum
578 1620 687 1662 portu
725 1618 927 1660 exiissent,
960 1617 1057 1662 malo
1090 1618 1234 1653 arrecto
1266 1615 1431 1660 velisque
1448 1616 1577 1660 passis

271 1685 509 1729 tranquillum
530 1694 631 1721 mare
654 1688 802 1730 secant,
829 1686 972 1731 Orpheo
995 1686 1077 1730 lyra
1098 1687 1139 1721 et
1163 1686 1276 1722 cantu
1301 1683 1458 1720 Dianam
1484 1684 1577 1721 cele-

270 1754 413 1792 brante.
452 1752 529 1796 Quo
561 1753 684 1789 allecti
708 1754 848 1790 saliunt
874 1754 1013 1790 circum
1038 1755 1251 1790 currentem
1275 1761 1413 1788 navem
1437 1752 1573 1797 pisces,

270 1821 314 1857 ut
351 1829 440 1856 oves
473 1823 639 1866 pastores
673 1823 899 1868 sequuntur,
933 1822 997 1867 qui
1029 1821 1156 1859 fistula
1189 1820 1359 1857 suaviter
1383 1819 1575 1870 modulans

268 1898 381 1933 pecus
401 1889 439 1924 in
452 1889 640 1924 stabulum
653 1889 763 1925 ducit.
777 1889 926 1925 Ventus
944 1892 1073 1926 autem
1093 1889 1255 1927 secundo
1267 1888 1398 1924 afflatu
1409 1888 1575 1925 celeriter

267 1966 403 1992 navem
433 1956 612 2000 propellit.
639 1956 690 1993 Eo
715 1957 821 1993 modo
847 1958 916 1993 sibi
942 1958 1099 1994 confisos
1125 1958 1363 2002 Argonautas
1388 1956 1572 1997 ominibus

268 2024 421 2068 faustis,
461 2024 499 2059 in
537 2024 728 2069 splendore
766 2024 854 2060 solis
891 2025 1087 2061 arridentis
1121 2027 1163 2060 et
1195 2033 1327 2060 serena
1347 2025 1576 2074 tempestate

269 2092 449 2139 profectos
475 2101 559 2128 esse
584 2092 693 2137 fingit
713 2092 930 2136 Apollonius
950 2091 1186 2141 (525-558).

285 2160 371 2196 At
394 2160 490 2204 apud
518 2159 710 2196 Valerium
735 2159 823 2204 quid
853 2159 1062 2204 legimus?

316 2227 498 2263 Salutatio
536 2228 710 2264 abeuntis
745 2227 888 2263 Iasonis
925 2227 972 2263 ad
1004 2229 1179 2272 parentes
1214 2225 1325 2274 (quod
1357 2199 1572 2276 Apollonius

310 2316 343 2356 1)
365 2316 434 2348 Non
455 2318 535 2349 recte
560 2316 655 2349 Couat
680 2316 736 2355 (La
763 2315 864 2357 poesie
885 2284 1090 2349 Alexandriae
1112 2325 1181 2357 pag.
1205 2315 1283 2357 322)
1306 2316 1380 2349 haec
1403 2316 1576 2372 inApollo-

267 2359 317 2392 nio
339 2361 539 2401 reprehendit.
