1874 2826
936 288 1008 331 120

369 394 438 439 Qui
462 405 596 432 versus
620 396 673 441 (et
700 396 765 441 79),
783 396 937 432 maximi
965 396 1146 438 momenti
1159 397 1382 441 sunt..Nam
1395 406 1621 442 quamquam

320 462 365 498 de
399 472 525 500 amore
556 463 712 500 Iasonis.
729 464 768 499 in
801 463 970 507 Medeam
1002 472 1076 499 non
1101 464 1229 501 multa-
1245 464 1473 510 audivimuS,
1499 465 1623 501 verbis

320 530 432 577 (μέγα
460 530 498 566 δὲ
531 530 852 576 ΦρένεςήΑἲσονίδαο
875 530 1010 576 γήθεον)
1035 532 1118 569 luce
1142 533 1361 585 clarius-fit)
1388 542 1474 569 cum
1496 542 1622 570 rerum

320 599 447 636 status
471 600 550 645 ipse
574 600 734 645 coegerit
756 600 944 645 Medeam,
965 609 1040 636 non
1061 600 1166 637 illum
1174 587 1188 644 ‚⁵
1196 583 1334 647 primas
1354 602 1621 645 partesvagere,

321 676 408 705 eum
433 677 506 705 non
531 677 614 710 esse
640 668 810 714 stipitem
835 678 950 705 sensu
975 671 1164 713 carentem
1186 669 1251 706 sed
1269 668 1456 715 hominem
1475 668 1516 705 et
1528 670 1621 705 tem-

320 735 471 779 poribus
495 736 729 771 callidissime
754 736 998 780 servientem,
1026 739 1071 773 ut
1095 738 1241 781 monui,
1268 738 1307 772 et
1330 744 1455 771 amore
1467 736 1622 780 virginis

320 803 489 840 amabilis
513 804 784 850 dignissimum.

369 870 456 924 Iure⁸
476 872 631 909 iurando
644 873 760 926 Ida-to,
775 882 827 922 'se
853 882 937 916 eam
960 882 1117 916 uxorem
1141 874 1336 919 ducturum
1362 882 1453 920 ,esse
1467 882 1622 909 manum

321 938 448 974 manui
484 939 615 984 inserit
653 942 693 975 et
728 949 813 975 cum
850 939 1070 987 adhortatus
1108 939 1276 988 Medeam
1312 942 1448 988 nautas
1470 949 1621 989 navem

321 1006 490 1043 celen‘ter
513 1017 537 1043 a.
561 1010 660 1044 terra
684 1007 863 1053 depellere
887 1008 1018 1044 iussit:

545 1074 647 1114 πολὺς
670 1074 891 1118 δ’ὄρυμαγδὸς
916 1075 1139 1117 ἐπειγομένων
1163 1074 1317 1119 ἐλάτῃσιν

544 1140 597 1183 ἦεν
621 1143 789 1190 ἀριστήων·
815 1142 833 1184 ἣ
860 1142 1231 1191 δ’ἔμπαλιναῖσσουσα

543 1211 624 1255 γαίη
650 1216 770 1255 χεῖρας
797 1211 916 1246 ἔτεινεν
942 1212 1132 1255 ἀμήχανος.
1158 1211 1372 1255 αὐτὰρἸήσων

543 1276 714 1323 θάρσυνέν,
728 1279 760 1313 τ’
786 1278 939 1319 ἐπέεσσι,
965 1278 1023 1314 καὶ
1049 1277 1187 1323 ἴσχανεν
1211 1277 1446 1322 ἀσχαλόωσαν.

371 1346 452 1382 Non
490 1347 758 1383 inconsiderate
795 1357 864 1388 nec
901 1357 1037 1383 sensus
1073 1351 1113 1384 et
1146 1348 1295 1392 pietatis
1328 1357 1463 1392 expers
1494 1348 1624 1385 Medea.

322 1415 481 1459 patriam
516 1416 556 1451 et
579 1417 753 1459 parentes
777 1415 962 1461 relinquit.
987 1415 1090 1459 Fuga
1109 1415 1253 1450 Medeae
1278 1424 1322 1451 eo
1347 1415 1455 1451 modo
1481 1415 1622 1460 exposi-

322 1484 378 1528 ta,
409 1492 486 1527 vqua.
508 1483 650 1518 Aeetes
674 1483 755 1527 ipse
778 1483 958 1527 deceptus
978 1482 1145 1519 Iasonem
1170 1492 1241 1518 non
1268 1483 1324 1518 bis
1348 1482 1474 1518 fallere
1500 1483 1623 1532 potuit

322 1550 444 1596 (draco
464 1551 565 1586 enim
585 1550 707 1586 adhuc·
725 1550 931 1586 vincendus
952 1549 1060 1594 erat),
1086 1550 1240 1594 impedit
1251 1559 1323 1594 quo
1336 1550 1460 1586 minus
1473 1559 1622 1600 carmen

321 1618 615 1663 Apollonianum,
632 1618 779 1662 ingrata
801 1617 999 1653 iteratione
1025 1616 1171 1653 laboret.
1205 1617 1333 1653 Medea
1357 1619 1397 1654 et
1421 1617 1530 1661 Iason
1555 1617 1622 1653 soli

323 1687 517 1722 obscuram
554 1685 688 1721 silvam
725 1686 886 1730 intrant,
924 1685 963 1720 in
1001 1694 1073 1728 qua
1109 1686 1346 1721 taeterrimus
1371 1685 1478 1721 draco
1503 1685 1623 1722 vellus

322 1762 476 1790 aureum
515 1752 758 1796 custodiebat.
795 1752 959 1788 Dracone
997 1761 1020 1787 a
1056 1752 1181 1788 Medea
1213 1754 1332 1797 sopito
1358 1753 1477 1789 vellus
1501 1752 1624 1791 aufert

321 1822 450 1859 Iason:
707 1861 710 1863 Α

519 1889 561 1928 ὡς
588 1889 623 1924 δὲ
650 1888 821 1932 σεληναίην
847 1888 1049 1931 διχομήνιδα
1075 1888 1235 1932 πάρθενος
1256 1888 1377 1931 αἴγλην

518 1955 647 2000 ὑψόθεν
671 1955 899 2000 ἐξανέχουσαν
923 1955 1105 2001 ὑπωροφίου
1130 1955 1302 1998 θαλάμοιο

518 2024 700 2067 λεπταλέῳ
726 2025 807 2068 ἑανῷ
832 2024 1048 2067 ὑποΐσχεται·
1075 2024 1107 2057 ἐν
1131 2023 1167 2058 δέ
1193 2024 1220 2058 οἱ
1244 2021 1319 2067 ἦτορ

519 2091 634 2136 χαίρει
660 2091 852 2135 δερκομένης
876 2091 979 2126 καλὸν
1003 2090 1119 2130 σέλας.
1145 2089 1184 2130 ὣς
1208 2090 1278 2137 τότ’
1304 2090 1413 2131 Ἰήσων

517 2159 697 2202 γηθόσυνος
722 2159 820 2202 μέγα
843 2162 933 2199 κῶας
959 2160 1030 2202 ἑαῖς
1056 2158 1221 2203 ἐναείρατο
1245 2159 1371 2203 χερσίν·

517 2228 577 2263 καί
599 2229 627 2263 οἱ
650 2228 709 2263 ε’πι
733 2226 877 2273 ξανθῇσι
904 2225 1055 2270 παρηίσιν
1078 2226 1134 2266 ἠδὲ
1159 2226 1303 2271 μετώπῳ

518 2302 725 2341 μαρμαρυγῇ
750 2295 868 2337 ληνέων
892 2294 1000 2339 Φλογὶ
1025 2293 1147 2329 εἴκελον
1172 2291 1238 2338 ἷζεν
1264 2293 1405 2341 ἔρευθος.

323 2363 497 2409 Magnum
518 2366 558 2400 et
574 2364 803 2409 splendidum
820 2361 1044 2410 (174—178)
1057 2362 1175 2404 vellus
1186 2362 1348 2399 humeris
1359 2364 1484 2408 portat
1496 2362 1621 2398 Iason:
