1874 2826
950 261 995 296 10

317 364 544 410 Hypsipyle;
569 364 764 410 Neophron
789 375 954 411 quoque,
979 366 1172 411 Euripides
1197 367 1334 411 iunior,
1358 367 1510 413 Biotus,
1541 367 1624 404 Car-

319 433 445 477 cinus,
471 433 729 477 Dicaeogenes.
996 435 1016 451 '

366 500 617 537 Antimachus
640 501 679 537 in
705 502 832 547 elegiis
856 502 903 538 ad
927 502 1054 547 Lyden
1080 502 1230 539 Medeae
1251 504 1292 539 et
1303 502 1447 539 Iasonis
1459 513 1623 555 amorem

318 578 463 613 quoque
485 569 688 612 cecinerat,
713 580 809 615 quae
833 570 970 615 elegiae
995 570 1116 606 factae
1141 572 1232 607 sunt
1257 571 1470 616 exemplum
1494 571 1622 608 Musae

317 637 610 682 Alexandrinae,
645 647 740 682 quae
773 639 902 675 multis
935 639 1046 674 rebus
1080 640 1121 674 et
1145 639 1356 675 nominibus
1380 639 1624 689 accumulatis

317 707 510 740 amantem
546 705 729 742 infelicem
763 709 803 742 et
835 707 951 742 amori
985 707 1288 743 succumbentem
1320 706 1498 742 consolari
1523 693 1626 742 'sole-

318 774 382 809 bat
421 773 467 819 1).
507 773 580 810 Sed
614 777 805 818 praeterea
837 774 1119 811 innumerabilia
1153 775 1290 820 scripta
1315 776 1441 820 erant,
1468 784 1625 819 quorum

317 841 468 877 nomina
493 844 534 877 et
557 846 726 878 auctores
751 844 789 878 in
814 843 962 878 scholiis
986 843 1218 879 invenimus:
1250 843 1358 887 longa
1383 843 1483 878 enim
1509 843 1624 879 series

316 911 378 946 est
397 909 606 946 fabularum
625 910 888 947 Heraclearum
910 913 1017 954 (quae
1038 910 1083 946 de
1106 910 1276 946 Herculis
1297 909 1481 946 laboribus
1493 909 1623 955 agunt)

314 980 355 1013 et
380 978 618 1022 scriptorum,
652 987 746 1022 quae
780 978 958 1014 coloniam
985 978 1204 1022 Bithyniam
1229 978 1448 1014 Heracleam
1472 978 1623 1022 eiusque

317 1045 550 1081 vicinitatem
576 1047 848 1091 tractaverant;
876 1045 987 1081 multi
1013 1054 1157 1090 quoque
1183 1045 1392 1090 logcgraphi
1417 1048 1457 1082 et
1479 1045 1625 1090 mytho‘·

317 1114 446 1158 graphi
478 1114 516 1149 in
550 1115 698 1158 scriptis
728 1114 981 1158 Argonautica
1006 1115 1266 1158 narraverant,
1292 1123 1450 1158 quorum
1474 1113 1624 1149 nomina

317 1181 423 1227 longo
447 1181 572 1218 ordine
596 1191 813 1219 enumerare
840 1182 908 1218 hoc
932 1182 1010 1219 loco
1031 1182 1193 1218 alienum
1213 1181 1305 1218 mihi
1326 1181 1492 1218 videtur:
1519 1189 1622 1226 prae-

316 1252 419 1286 terea
454 1252 651 1296 geographi
689 1252 855 1288 nonnulli
881 1252 944 1296 qui
970 1251 1137 1296 regiones
1163 1251 1328 1295 singulas
1354 1251 1623 1295 descripserant

316 1316 569 1365 (Asclepiades
615 1318 852 1365 Bithyniam,
900 1318 1096 1355 Deilochus
1134 1317 1328 1364 Cyzicum,
1385 1318 1620 1363 Timagetus‚

316 1386 560 1422 Callisthenes
592 1387 795 1422 Alexandri
829 1387 953 1431 Magni
986 1387 1128 1422 amicus
1152 1386 1259 1422 litora
1293 1389 1333 1422 et
1366 1388 1476 1422 urbes
1513 1387 1642 1423 Ponti—

316 1451 477 1500 Euxini).
504 1453 738 1499 Quamquam
762 1463 898 1490 nomen
924 1453 1114 1499 scriptoris
1139 1453 1199 1489 vel
1224 1456 1356 1498 poetae
1376 1462 1399 1488 a
1412 1453 1621 1490 scholiastis

316 1523 508 1558 laudatum
529 1532 603 1558 non
624 1523 891 1558 documentum
911 1523 972 1557 est
992 1522 1225 1566 Apollonium
1239 1531 1327 1557 eum
1340 1521 1548 1567 inspexisse
1562 1521 1621 1558 vel

315 1591 363 1626 ab
383 1599 427 1626 eo
448 1589 625 1626 nonnulla
641 1591 859 1625 mutuatum
873 1598 965 1624 esse.
988 1589 1122 1625 Inutile
1134 1584 1262 1625 autem
1275 1589 1368 1624 mihi
1380 1589 1530 1625 videtur
1541 1598 1623 1625 esse

316 1659 574 1695 demonstrare
608 1657 842 1701 Apollonium
873 1657 1081 1702 catalogum
1110 1660 1150 1694 et
1174 1658 1319 1702 partem
1343 1658 1622 1703 geographicam

316 1728 487 1762 extrema
499 1726 691 1771 diligentia
712 1728 752 1762 et
764 1735 862 1771 cura,
876 1735 969 1770 quae
983 1726 1235 1761 Alexandrina
1248 1727 1348 1767 sunt,
1359 1726 1619 1770 composuisse.

318 1794 414 1831 Cum
439 1805 508 1831 nec
531 1795 570 1831 in
596 1795 794 1840 tragoediis
815 1804 883 1831 nec
903 1795 941 1831 in
963 1795 1090 1840 elegiis
1111 1795 1327 1831 Antimachi
1348 1794 1498 1831 Medeae
1519 1803 1622 1831 amor

318 1871 477 1899 nascens
489 1863 650 1907 primum
662 1862 783 1898 locum
796 1864 1000 1908 occuparet,
1010 1865 1050 1899 et
1063 1864 1230 1899 materiei
1240 1864 1358 1907 ipsius
1367 1863 1490 1908 plures
1497 1865 1621 1907 partes

315 1932 473 1968 diversis
495 1931 614 1966 modis
634 1932 815 1967 tractatae
836 1933 983 1976 essent,
1004 1931 1221 1976 Apollonius
1237 1931 1401 1967 Rhodius
1417 1930 1620 1967 laudandus

315 2002 394 2045 est,
422 2000 486 2045 qui
506 1999 649 2043 primus
673 1999 867 2034 materiem
894 1999 1182 2043 mythologicam
1207 1999 1361 2043 antiquo
1385 1999 1487 2043 epico
1514 1999 1620 2034 modo

316 2069 535 2112 simpliciter
547 2071 586 2104 et
600 2069 759 2103 venuste
773 2067 938 2103 narravit
951 2067 1005 2103 ita
1017 2068 1061 2103 ut
1074 2067 1257 2103 rationem
1270 2066 1423 2113 dicendi,
1437 2076 1621 2112 compara-

316 2135 457 2177 tiones,
490 2135 609 2172 multa
647 2134 719 2170 alia
750 2135 796 2169 ab
827 2134 989 2169 Homero
1015 2142 1087 2168 non
1113 2133 1239 2168 servili
1265 2133 1372 2169 modo
1396 2133 1622 2170 derivaverit

316 2205 380 2241 sed
414 2204 627 2241 adiunxerit
649 2205 717 2240 aut
742 2202 929 2247 omiserit,
952 2210 1046 2245 quae
1071 2201 1104 2237 ei
1130 2201 1274 2245 propria
1300 2204 1366 2239 aut
1390 2211 1413 2238 a
1438 2211 1477 2239 re
1502 2202 1620 2240 aliena

361 2340 392 2380 1)
417 2341 528 2378 Couat,
551 2341 582 2373 la
604 2340 705 2382 poesie
727 2338 931 2372 Alexandrine
954 2347 1024 2379 pag.
1050 2337 1101 2376 66,
1127 2337 1179 2371 67.
