1874 2826
976 285 1022 322 16

348 404 422 439 qua
446 395 589 430 ratione
615 393 786 429 Valerius
811 402 903 430 usus
916 393 968 428 sit
980 403 1026 429 ne
1039 403 1187 439 semper
1198 396 1244 431 ab
1257 394 1466 439 Apollonio,
1482 395 1649 441 exemplo

350 471 437 507 suo,
484 461 640 507 pendere
685 461 883 498 videretur.
922 461 1084 498 Bovibus
1123 463 1315 503 mactatis,
1353 465 1398 498 ut
1435 463 1650 508 Apollonius

352 530 370 565 1
397 539 405 564 :
433 530 504 565 432
542 538 617 572 seq.
655 530 802 573 narrat,
835 529 998 564 laetatus
1032 532 1093 565 est
1118 529 1247 566 Idmon
1280 530 1471 565 flammam
1496 539 1650 566 cernens

349 596 509 641 undique
534 605 555 631 e
579 595 757 632 sacrificio
783 596 1038 641 splendentem
1064 599 1103 633 et
1124 598 1255 633 statim
1267 596 1472 640 intrepidus
1484 599 1650 634 mentem

350 664 523 709 exposuit
550 664 751 709 Apollinis:
776 665 1014 709 Argonautas
1039 667 1125 710 post
1149 665 1287 701 multos
1310 673 1451 701 errores
1477 665 1600 701 salvos
1610 666 1649 701 in

349 732 509 777 patriam
543 740 627 768 esse
651 741 882 776 reversurOS,
909 732 978 768 sibi
1003 734 1131 769 tamen
1156 733 1257 769 tristi
1281 732 1432 768 deorum
1453 731 1531 768 fato
1556 733 1649 768 mori

349 799 580 835 destinatum
616 809 700 836 esse
736 800 775 836 in
808 801 922 836 Asiae
955 801 1178 837 continente.
1215 801 1308 837 Vide
1344 802 1484 845 quanto
1517 800 1650 836 melius

348 867 568 911 Apollonius
601 878 682 904 rem
706 877 811 904 suam
838 867 970 912 egerit!
997 868 1137 904 Vatem
1158 869 1275 910 enim,
1297 868 1360 911 qui
1386 870 1550 903 mortem·
1569 877 1648 912 pro-

348 935 480 972 videns
521 945 656 980 magna
692 935 834 972 dicendi
871 935 910 971 vi
946 935 1065 971 socios
1104 936 1314 972 cohortetur
1334 932 1393 971 'ut
1431 936 1648 981 susceptum

349 1004 544 1049 perficiant
569 1006 608 1040 et
633 1004 793 1040 declaret
818 1013 858 1039 se
884 1003 962 1039 fato
975 1004 1046 1039 sibi
1059 1004 1277 1040 imminente
1292 1003 1443 1039 minime
1456 1004 1648 1039 turbatum

351 1072 417 1108 sed
451 1072 591 1108 virtute
624 1073 662 1108 et
686 1071 804 1108 officio
828 1073 1057 1107 commotum
1083 1071 1192 1107 malle
1214 1080 1300 1107 cum
1325 1071 1433 1107 sociis
1458 1071 1577 1115 exire,
1605 1072 1649 1106 ut

351 1139 503 1184 gloriam
537 1142 576 1176 et
609 1140 730 1175 fatum
756 1141 926 1185 oppetat,
952 1139 1058 1175 facile
1084 1140 1200 1176 socios
1224 1138 1426 1180 incredibili
1451 1138 1573 1175 studio
1596 1139 1648 1174 in-

350 1207 540 1243 flammare
578 1216 687 1243 nemo
725 1208 785 1243 est
823 1207 911 1251 quin
938 1207 1071 1243 statim
1097 1206 1288 1251 intelligat.
1318 1197 1419 1242 Talia
1444 1206 1648 1242 vociferans

349 1284 468 1319 augur
491 1284 532 1310 re
564 1284 654 1311 vera
677 1274 755 1311 Deo
780 1275 911 1320 plenus
936 1277 975 1310 et
1002 1272 1113 1313 ἔνθεος
1139 1277 1199 1310 est
1223 1275 1500 1319 maximamque
1511 1274 1590 1310 vim
1602 1274 1649 1310 ad

348 1342 644 1386 persuadendum
668 1343 790 1379 habet.
816 1343 912 1386 App.
939 1342 1055 1378 Rhod.
1085 1344 1127 1378 1.
1149 1342 1354 1378 432-447.

397 1409 564 1454 Denique
589 1410 754 1446 sinistris
774 1410 893 1455 Mopsi
912 1409 1101 1445 vaticiniis
1117 1410 1269 1445 minime
1282 1410 1509 1453 commotus,
1523 1408 1649 1444 flentis

349 1478 513 1514 Idmonis
549 1478 808 1515 adhortatione
848 1478 976 1514 audita
1016 1478 1109 1522 dux,
1143 1478 1213 1513 sibi
1244 1478 1325 1522 ipse
1358 1486 1475 1522 augur
1512 1477 1649 1514 maiore

349 1546 589 1588 auctoritate,
623 1546 719 1590 quod
751 1546 936 1581 intellexit
960 1545 1085 1581 Iovem
1109 1546 1233 1590 ipsum
1259 1545 1349 1580 haec
1372 1545 1467 1580 velle
1492 1547 1531 1580 et
1555 1554 1648 1580 com-

350 1613 486 1648 mercia
523 1622 590 1649 suo
627 1613 765 1649 mundo
807 1614 867 1657 „et
903 1615 1030 1648 tantos
1067 1613 1259 1648 hominum
1295 1612 1452 1648 miscere
1490 1610 1648 1648 laboris”

349 1680 455 1726 (245,
481 1681 582 1723 246),
615 1681 687 1717 iter
719 1681 839 1717 facere
873 1681 1019 1716 statuit.
1057 1680 1251 1716 Postrema
1276 1689 1350 1715 nox
1375 1680 1501 1725 paucis
1526 1681 1648 1716 verbis

348 1750 500 1784 tantum
533 1750 843 1785 commemoratur
874 1750 913 1784 et
947 1757 1020 1784 non
1049 1757 1247 1793 possumus
1279 1748 1367 1792 quin
1405 1747 1444 1783 in
1478 1747 1648 1784 Herculis

349 1816 534 1861 Tirynthii
570 1817 689 1853 herois
725 1819 879 1862 aspectu
916 1817 1146 1853 haereamus.
1184 1816 1403 1852 Adveniunt
1440 1814 1571 1852 Chiron
1608 1818 1648 1852 et

348 1893 441 1930 puer
473 1884 654 1927 Achilles,
686 1885 749 1930 qui
781 1894 854 1922 non
889 1888 1019 1922 vinum
1052 1895 1119 1922 nec
1153 1885 1259 1930 signa
1283 1886 1406 1928 curat,
1434 1886 1584 1920 tantum
1609 1885 1647 1920 in

348 1953 504 1989 ducibus
526 1953 566 1988 et
585 1955 673 1988 ante
693 1962 821 1989 omnes
843 1954 880 1989 in
903 1954 1062 1990 Hercule
1080 1955 1219 1998 stupet.
1246 1952 1346 1996 Quae
1371 1952 1409 1988 in
1431 1953 1646 1988 memoriam

347 2022 525 2057 revocant
551 2019 734 2055 Achillem
762 2020 874 2065 Scyro
896 2021 936 2055 in
960 2021 1081 2057 insula
1106 2021 1153 2056 ab
1177 2020 1289 2056 Ulixe
1314 2019 1436 2055 studio
1461 2029 1646 2056 armorum

347 2088 539 2124 detectum
564 2096 659 2123 esse.
693 2087 773 2124 Hoc
796 2090 923 2124 autem
947 2088 1023 2124 loco
1049 2088 1182 2124 Chiron
1209 2090 1249 2124 et
1274 2088 1436 2123 Achilles
1461 2089 1506 2124 ab
1533 2089 1646 2133 Argo-

347 2156 475 2192 nautis
501 2155 593 2201 ipsis
618 2156 786 2191 animum
819 2158 1014 2192 avertunt:
1041 2165 1270 2201 supervacua
1294 2157 1384 2192 haec
1410 2157 1532 2193 omnia
1557 2160 1647 2193 sunt

348 2233 416 2259 nec
462 2223 665 2268 quidquam
710 2223 758 2259 ad
802 2233 880 2259 rem
926 2225 1124 2268 pertinent.
1168 2223 1340 2260 Precibus
1377 2223 1474 2260 Pelei
1510 2226 1554 2261 ut
1588 2225 1646 2261 dei

347 2291 465 2328 filium
499 2302 540 2329 se
576 2292 732 2329 absente
766 2293 953 2334 tueantur,
985 2292 1154 2327 omnibus
1189 2291 1270 2327 viae
1295 2292 1390 2328 calor
1414 2292 1562 2328 additus
1587 2295 1646 2328 est

349 2357 468 2406 (271),
493 2360 588 2405 quod
610 2369 699 2397 sane
720 2360 1020 2405 inexspectatum
1041 2361 1102 2396 est
1121 2362 1160 2396 et
1178 2361 1319 2397 temere
1337 2360 1477 2397 dictum
1490 2361 1643 2405 apoeta.
