1874 2826
899 270 989 307 37·

278 373 484 412 liberandae
512 376 681 413 frustrati
706 376 954 414 voluntariam
977 378 1046 413 aut
1070 385 1139 412 sua
1164 376 1297 421 sponte
1321 375 1389 410 aut
1410 373 1576 410 Caesaris

278 443 374 478 nutu
386 446 543 480 mortem
564 445 634 481 sibi
646 446 910 481 consciverant.
938 444 1125 489 Imprimis
1137 443 1238 479 enim
1249 442 1393 488 patricii
1406 441 1577 487 (Caecina

277 509 416 547 Paetus
427 519 523 548 anno
535 511 582 548 42
595 513 635 548 et
647 512 808 549 Thrasea
819 511 959 549 Paetus
971 511 1032 556 66,
1046 510 1186 548 Seneca
1198 510 1448 557 philosophus,
1462 508 1576 545 Luca-

278 587 350 614 nus
374 579 553 624 multique
577 580 653 626 alii)
673 579 807 617 Stoicis
818 580 1022 625 praeceptis
1034 579 1169 615 imbuti
1181 581 1221 615 et
1232 580 1415 615 maiorum
1427 578 1575 622 integri·

277 645 396 682 tatem
421 647 580 684 recentis
600 648 780 692 temporis
800 646 1034 692 degeneratis
1046 647 1210 683 moribus
1221 646 1473 692 praeferentes
1486 645 1575 682 Cae-

277 723 404 751 sarum
416 725 571 760 regnum
584 718 752 752 evertere
765 716 887 752 conari
901 725 974 751 non
986 724 1192 760 numquam
1205 715 1287 751 ausi
1295 716 1413 751 erant.
1426 715 1470 750 In
1482 714 1574 750 Stoi-

244 781 248 784 ’
277 791 404 818 corum
417 791 525 827 grege
533 782 724 819 Valerium
736 782 853 818 fuisse
865 782 1065 818 verisimile
1079 782 1237 818 videtur.
1251 782 1411 818 Tantum
1424 781 1575 827 quidem

277 852 429 895 apparet
461 859 547 887 eum
573 850 692 886 multa
715 850 905 886 derivasse
930 850 975 886 de
1000 850 1225 895 philosophia
1252 849 1301 897 1),
1326 860 1420 894 quae
1443 859 1573 886 veram

280 917 459 953 virtutem
483 926 638 963 regnum
662 925 746 953 esse
772 917 811 952 et
835 917 1057 962 reipublicae
1081 917 1293 953 libertatem
1305 917 1574 953 restituendam

277 994 362 1021 esse
398 985 530 1022 docens
566 986 621 1022 ita
645 984 910 1021 consuetudine
935 986 1083 1030 recepta
1107 987 1199 1027 erat,
1224 987 1268 1021 ut
1287 986 1403 1021 etiam
1426 986 1464 1021 in
1488 984 1574 1020 aula

278 1052 513 1096 imperatoria
550 1052 755 1089 Stoicorum
789 1052 943 1096 placita,
977 1051 1176 1088 dummodo
1208 1061 1256 1088 ne
1291 1061 1364 1088 usu
1387 1052 1573 1094 valerent,

281 1119 461 1156 Juliorum
486 1120 641 1156 comites
667 1121 872 1156 sectatores
896 1120 1118 1156 invenerint.
1157 1120 1249 1156 Tota
1273 1120 1343 1155 hac
1364 1120 1576 1155 narratione

278 1188 456 1232 temporis
496 1188 554 1224 sui
589 1196 712 1224 mores
748 1189 788 1223 et
824 1187 1013 1232 opiniones
1050 1186 1214 1223 illustrat
1255 1189 1366 1231 poeta
1402 1195 1574 1223 coronam

278 1255 482 1291 delectandi
507 1265 627 1291 causa.
659 1256 786 1291 Aeson
811 1256 932 1291 multa
955 1255 1053 1291 mala
1078 1255 1117 1290 in
1142 1254 1283 1290 Peliam
1308 1256 1500 1299 precatus,
1531 1256 1576 1290 ut

277 1323 455 1359 membris
478 1332 562 1359 cara
586 1332 739 1359 suorum
763 1332 878 1359 manu
901 1322 1058 1367 direptis
1083 1331 1168 1358 sera
1192 1331 1293 1358 mors
1307 1322 1427 1358 Peliae
1439 1322 1576 1368 effugia

277 1391 469 1427 crudeliter
501 1392 645 1428 claudat
677 1391 795 1438 (804),
831 1392 1011 1437 sanguine
1046 1392 1192 1428 taurino
1229 1402 1305 1428 una
1341 1401 1427 1428 cum
1461 1400 1576 1427 uxore

276 1458 410 1494 hausto
446 1458 600 1495 interiit.
638 1458 851 1504 Suppliciis,
885 1468 979 1503 quae
1004 1459 1126 1495 Peliae
1152 1460 1191 1495 in
1215 1460 1385 1496 futurum
1410 1460 1575 1495 minatur

276 1528 421 1574 Aeson,
442 1537 542 1564 more
560 1537 627 1564 suo
651 1527 933 1572 diligentissime
953 1528 1149 1573 descriptis
1169 1531 1320 1573 poetam
1333 1528 1576 1565 dilataturum

277 1595 393 1631 fuisse
417 1597 677 1639 argumentum
701 1604 817 1639 usque
842 1595 889 1630 ad
913 1595 1071 1631 crudelis
1091 1595 1190 1640 regis
1203 1598 1364 1632 mortem
1377 1596 1575 1641 concedes,

277 1664 310 1700 si
334 1663 514 1706 conferas,
539 1672 634 1709 quae
658 1663 703 1700 de
727 1663 846 1709 Mopsi
870 1663 1046 1700 vaticinio
1071 1663 1148 1700 dixi
1169 1662 1219 1710 2).

326 1731 510 1776 Odysseae
530 1731 553 1767 1.
574 1731 642 1773 XI,
654 1731 832 1767 horrenda
843 1731 1031 1776 sacrificia,
1045 1731 1179 1776 quibus
1191 1731 1373 1768 Horatius
1384 1731 1575 1768 Canidiam

277 1809 334 1845 ep.
359 1801 403 1836 17
419 1801 465 1836 :6
489 1799 662 1836 ludribrio
685 1799 807 1842 habet,
832 1799 983 1844 Vergilii
1003 1799 1097 1835 Aen.
1117 1798 1140 1835 1.
1154 1798 1218 1844 VI,
1232 1799 1373 1836 Lucani
1385 1800 1575 1836 Pharsalia

277 1867 467 1903 Valerium
495 1868 575 1903 sine
606 1867 714 1903 dubio
745 1867 967 1910 inlexerant,
993 1868 1036 1901 ut
1060 1866 1181 1901 fusius
1206 1866 1350 1902 Iasonis
1375 1868 1574 1911 parentum

277 1935 456 1976 mortem,
478 1943 590 1979 quam
610 1943 631 1970 e
651 1933 808 1971 Diodoro
829 1932 866 1981 3)
880 1933 1081 1978 derivavit,
1100 1942 1233 1969 arcano
1246 1933 1322 1970 ritu
1334 1936 1374 1970 et
1386 1934 1575 1971 sacrificiis

321 2015 355 2059 1)
388 2016 697 2049 Animadvertendum
731 2018 778 2049 est
809 2016 843 2047 in
864 2016 978 2048 Valerii
999 2015 1131 2048 carmine
1152 2015 1255 2054 Iovem
1276 2025 1343 2048 esse
1363 2017 1578 2049 inexorabilem

272 2069 343 2102 Fati
376 2079 395 2102 a
424 2079 456 2103 se
477 2069 544 2111 ipso
566 2070 724 2103 constituti
746 2071 899 2103 auctorem
920 2071 951 2102 et
971 2070 1134 2112 rectorem,
1156 2070 1186 2101 et
1206 2069 1362 2102 Valerium
1383 2070 1501 2111 plebem
1523 2071 1578 2103 ad-

272 2124 395 2156 modum
417 2126 606 2157 contemnere
628 2125 668 2157 cf.
693 2124 733 2156 ⁷1
757 2125 889 2166 populus
910 2124 987 2156 levis
1008 2126 1039 2156 et
1062 2124 1124 2156 761
1148 2124 1292 2156 mutabile
1309 2124 1432 2164 vulgus.

319 2175 355 2219 2)
378 2177 447 2210 vide
468 2186 539 2218 pag.
564 2178 616 2210 15.

319 2236 354 2276 3)
375 2236 413 2269 cf.
436 2236 527 2269 Diod.
548 2237 572 2269 4
593 2249 601 2269 :
625 2237 668 2269 50
691 2249 700 2270 ε
724 2238 741 2270 1
767 2239 798 2270 et
820 2237 850 2270 2.
872 2237 985 2270 Narrat
1006 2236 1112 2269 Pelian
1134 2236 1273 2268 Iasonem
1296 2236 1430 2277 coegisse
1453 2238 1579 2279 sangui-

273 2303 344 2326 nem
365 2294 520 2326 taurinum
541 2295 642 2327 bibere
664 2297 695 2327 et
716 2305 855 2334 uxorem,
878 2305 970 2336 quam
992 2295 1213 2336 Amphinomen
1234 2294 1389 2336 nominat,
1423 2304 1457 2327 se
1479 2296 1578 2336 ipsam

272 2352 390 2385 heroice
410 2352 512 2393 gladio
534 2353 731 2386 interemisse.
