1874 2826
909 241 955 284 9¹3

287 347 455 384 homines
479 348 550 393 ipsi
574 348 820 394 celebrentur,
850 348 981 394 regiae·
994 348 1154 384 familiae
1180 349 1340 401 eventus
1364 347 1481 392 primo
1506 346 1584 382 loco

287 416 398 460 positi
422 417 509 461 sint.
548 417 667 462 Quum
691 419 820 462 autem
834 418 1110 462 percrebuisset
1134 417 1251 462 fama,
1272 424 1450 461 numerus
1471 415 1583 452 socio-

286 493 371 519 rum
402 485 735 527 celebern'morum,
774 486 838 530 qui
861 485 1030 522 Iasonem
1054 486 1162 531 longe
1186 485 1432 530 superabant,
1464 483 1583 519 crevit

286 556 325 588 et
348 552 492 589 itineris
515 552 697 589 terminus
721 553 840 598 magis
864 553 1027 590 recessit.
1055 553 1132 598 Quo
1155 553 1298 590 factum
1318 554 1380 589 est
1391 554 1437 589 ut
1448 552 1583 597 digres-

285 621 409 657 siones
441 621 635 658 nonnullae
659 631 732 658 non
756 622 926 658 Iasonem
950 623 1085 658 honore
1109 622 1332 659 sustulerint
1357 621 1444 662 sed,
1475 621 1581 665 quasi

285 689 503 733 Homericae
523 687 707 732 ἁρίστειαι,
732 690 882 731 tantum
901 688 948 724 ad
965 689 1118 736 gloriam
1142 690 1231 726 socii
1243 689 1436 726 cuiusdam
1447 697 1582 734 augen-

285 759 372 801 dam
382 757 597 803 pertineant
611 758 655 799 1).
669 757 791 801 Quum
803 757 916 802 igitur
928 757 1144 801 Apollonius
1155 758 1318 794 Rhodius
1331 757 1581 805 Argonautica

285 834 417 862 canere
441 824 698 861 constitu1sset
721 826 983 869 argumentum
1002 825 1161 870 invenit,
1183 825 1278 870 quod
1294 825 1424 862 ducem
1436 825 1578 871 ipsum,

286 894 408 939 (Iason
441 893 543 929 enim
565 892 690 937 potius
714 893 858 937 primus
882 892 980 928 inter
1004 902 1112 937 pares
1138 893 1230 939 est),
1262 893 1501 929 desiderabat.
1528 893 1580 928 Eo

286 960 428 996 accedit
459 962 503 996 ut
526 968 703 1004 magnum
728 968 881 1001 ausum,
917 960 1013 1004 quod
1038 960 1145 996 Iason
1170 960 1316 1006 fortiter
1339 961 1580 1005 suscepisset,

285 1030 367 1065 sine
391 1029 516 1065 divina
540 1030 580 1065 et
605 1029 747 1073 magica
771 1038 839 1073 ope
863 1038 973 1065 nemo
994 1029 1166 1073 perficere
1186 1029 1380 1073 potuisset.
1406 1028 1580 1064 Nontam

286 1105 421 1141 magno
444 1097 588 1142 impetu
608 1098 649 1132 et
668 1105 776 1132 caeca
796 1096 1010 1133 temeritate
1031 1106 1143 1142 quam
1155 1096 1306 1133 consilio
1318 1099 1357 1132 et
1369 1096 1580 1142 prudentia,

286 1176 360 1202 non
396 1166 509 1203 nimis
545 1165 768 1203 confidenter
806 1166 871 1202 sed
903 1167 1131 1213 considerate
1165 1167 1250 1202 duci
1274 1165 1460 1211 agendum
1484 1167 1580 1210 erat,

285 1234 350 1278 qui
388 1234 558 1269 omnibus
594 1234 687 1269 bene
712 1234 924 1278 ponderatis
948 1234 1048 1270 nulla
1073 1233 1233 1279 pericula
1257 1232 1513 1269 reformidavit
1536 1232 1580 1268 cf.

285 1303 358 1347 Ap.
383 1302 406 1338 3
432 1312 442 1338 z
468 1302 536 1338 501
565 1310 641 1347 seq.
669 1302 705 1347 2)

335 1368 530 1404 Praeterea
548 1368 794 1404 animadverti
814 1369 927 1405 velim
946 1378 1080 1405 nomen
1102 1369 1276 1405 carminis
1287 1369 1412 1413 ipsum
1423 1367 1583 1404 indicare

285 1445 358 1472 non
391 1437 471 1472 tam
506 1435 646 1473 Iasonis
671 1436 784 1473 solius
809 1436 950 1473 labores
975 1446 1087 1481 quam
1112 1437 1412 1483 Argonautarum
1436 1436 1583 1481 egregia

284 1504 385 1539 facta
408 1504 591 1539 celebrari.
617 1503 675 1539 Me
699 1504 817 1541 iudice
841 1504 950 1540 Iason
974 1505 1013 1550 in
1038 1504 1222 1549 Apollonii
1246 1504 1410 1539 carmine
1431 1503 1581 1540 maioris

283 1571 539 1609 aestimandus
575 1573 635 1616 est
670 1581 783 1617 quam
819 1572 984 1618 AeneaS‚
1022 1581 1134 1617 quem
1170 1572 1325 1618 auguria
1349 1574 1389 1608 et
1414 1573 1582 1619 monstra

284 1649 461 1685 persaepe
484 1640 651 1684 progredi
674 1642 883 1685 coegerunt.
909 1639 1047 1675 Deinde
1072 1649 1145 1675 non
1169 1639 1311 1675 Iasonis
1325 1627 1583 1684 egregiafacta

329 1798 364 1842 1)
397 1800 552 1832 Weichert
594 1800 696 1832 minus
729 1803 809 1833 recte
841 1799 995 1841 Apollonii
1027 1800 1148 1832 laudem
1181 1800 1295 1841 carpit,
1329 1800 1439 1840 quibus
1471 1799 1585 1840 profert

281 1867 354 1899 pag.
377 1857 442 1891 342
465 1860 496 1891 et
521 1858 597 1891 343.
1159 1886 1164 1891 .

328 1915 363 1957 2)
386 1917 497 1948 Unitas
519 1917 552 1947 in
572 1917 632 1956 Ap.
656 1917 714 1947 Rh.
734 1916 867 1956 carmine
888 1925 948 1947 non
970 1918 1016 1948 est
1038 1916 1126 1953 talis,
1149 1916 1270 1955 qualem
1291 1916 1373 1947 Prof.
1384 1914 1584 1946 Joh-Koffler

281 1973 371 2005 finxit
391 1973 425 2005 in
445 1973 670 2006 Jahresbericht
691 1973 744 2005 des
765 1973 787 2004 f.
806 1973 836 2005 b.
857 1973 1186 2013 Privat-gymnasiums
1208 1972 1380 2004 inBrixen:
1402 1972 1450 2004 die
1462 1971 1583 2004 Gleich-

281 2032 363 2065 nisse
384 2032 433 2064 bei
450 2031 630 2072 Apollonius
647 2031 798 2070 Rhodius,
821 2031 1006 2063 namentlich
1025 2031 1057 2062 in
1068 2031 1174 2070 Bezug
1184 2031 1241 2062 auf
1248 2031 1313 2062 ihre
1323 2030 1583 2070 stoffgliederende

281 2090 345 2121 und
366 2089 648 2122 characterisirende
669 2088 858 2129 Bedeutung.
889 2088 927 2119 In
949 2097 1008 2128 quo
1031 2088 1194 2128 specimine
1216 2088 1409 2120 Germanicae
1429 2087 1584 2121 doctrinae

281 2146 432 2179 inferioris
463 2146 538 2179 dicit
568 2146 621 2180 ille
642 2146 751 2186 omnia,
774 2155 852 2188 quae
872 2146 962 2179 rebus
983 2146 1017 2178 in
1038 2146 1177 2179 Colchide
1198 2146 1398 2187 praecedunt,
1420 2146 1583 2191 yaticinari

279 2207 312 2238 et
333 2205 415 2237 facta
435 2207 467 2238 et
486 2206 633 2238 rationem
654 2205 778 2246 agendi.
799 2205 916 2238 Iasonis
938 2206 969 2237 et
990 2204 1130 2242 Medeae,
1157 2206 1192 2236 ut
1213 2204 1246 2236 in
1269 2204 1386 2249 musica
1407 2205 1583 2245 arteprimo

278 2263 421 2296 audimus
442 2264 580 2305 singulas
601 2264 733 2297 citharas
754 2265 785 2297 et
806 2273 918 2296 cornua
940 2263 1075 2304 singula,
1099 2264 1247 2304 postremo
1269 2262 1370 2295 omnia
1391 2262 1494 2295 eodem
1505 2264 1584 2296 tem-

280 2332 352 2364 pore
373 2332 485 2363 magno
507 2323 608 2355 sonitu
629 2323 708 2355 atria
729 2322 896 2364 implentia.

1507 2376 1529 2411 7
