<?xml version="1.0" encoding="UTF-8"?>
<!DOCTYPE html PUBLIC "-//W3C//DTD XHTML 1.0 Transitional//EN"
    "http://www.w3.org/TR/xhtml1/DTD/xhtml1-transitional.dtd">
<html xmlns="http://www.w3.org/1999/xhtml" xml:lang="en" lang="en">
 <head>
  <title>
</title>
<meta http-equiv="Content-Type" content="text/html;charset=utf-8" />
  <meta name='ocr-system' content='tesseract 3.04.00' />
  <meta name='ocr-capabilities' content='ocr_page ocr_carea ocr_par ocr_line ocrx_word'/>
</head>
<body>
  <div class='ocr_page' id='page_1' title='image "4737390_0025.png"; bbox 0 0 1874 2826; ppageno 0'>
   <div class='ocr_carea' id='block_1_1' title="bbox 847 274 891 310">
    <p class='ocr_par' dir='ltr' id='par_1_1' title="bbox 847 274 891 310">
     <span class='ocr_line' id='line_1_1' title="bbox 847 274 891 310; baseline -0.023 0"><span class='ocrx_word' id='word_1_1' title='bbox 847 274 891 310; x_wconf 90' lang='lat'>11</span> 
     </span>
    </p>
   </div>
   <div class='ocr_carea' id='block_1_2' title="bbox 219 376 1525 1307">
    <p class='ocr_par' dir='ltr' id='par_1_2' title="bbox 219 376 1525 1307">
     <span class='ocr_line' id='line_1_2' title="bbox 222 376 1523 432; baseline 0 -19"><span class='ocrx_word' id='word_1_2' title='bbox 222 376 442 432; x_wconf 85' lang='lat' dir='ltr'>videbantur</span> <span class='ocrx_word' id='word_1_3' title='bbox 474 388 570 417; x_wconf 85' lang='lat' dir='ltr'>esse.</span> <span class='ocrx_word' id='word_1_4' title='bbox 607 380 648 416; x_wconf 90' lang='lat' dir='ltr'>Id</span> <span class='ocrx_word' id='word_1_5' title='bbox 682 390 826 426; x_wconf 91' lang='lat' dir='ltr'>quoque</span> <span class='ocrx_word' id='word_1_6' title='bbox 857 380 1111 416; x_wconf 82' lang='lat' dir='ltr'>demonstrare</span> <span class='ocrx_word' id='word_1_7' title='bbox 1136 379 1228 415; x_wconf 89' lang='lat' dir='ltr'>mihi</span> <span class='ocrx_word' id='word_1_8' title='bbox 1252 379 1291 414; x_wconf 89' lang='lat' dir='ltr'>in</span> <span class='ocrx_word' id='word_1_9' title='bbox 1315 379 1439 414; x_wconf 88' lang='lat' dir='ltr'>animo</span> <span class='ocrx_word' id='word_1_10' title='bbox 1462 381 1523 414; x_wconf 85' lang='lat' dir='ltr'>est</span> 
     </span>
     <span class='ocr_line' id='line_1_3' title="bbox 221 440 1523 500; baseline 0.002 -20"><span class='ocrx_word' id='word_1_11' title='bbox 221 453 287 489; x_wconf 90' lang='lat' dir='ltr'>per</span> <span class='ocrx_word' id='word_1_12' title='bbox 330 448 641 491; x_wconf 74' lang='lat' dir='ltr'>comparationem</span> <span class='ocrx_word' id='word_1_13' title='bbox 686 449 778 485; x_wconf 89' lang='lat' dir='ltr'>mihi</span> <span class='ocrx_word' id='word_1_14' title='bbox 812 440 1047 494; x_wconf 70' lang='lat' dir='ltr'><strong>&#39;impositam</strong></span> <span class='ocrx_word' id='word_1_15' title='bbox 1083 449 1182 484; x_wconf 89' lang='lat' dir='ltr'>inter</span> <span class='ocrx_word' id='word_1_16' title='bbox 1219 447 1384 500; x_wconf 81' lang='lat' dir='ltr'>carmina</span> <span class='ocrx_word' id='word_1_17' title='bbox 1420 446 1523 492; x_wconf 88' lang='lat' dir='ltr'>epica</span> 
     </span>
     <span class='ocr_line' id='line_1_4' title="bbox 220 512 1523 561; baseline 0.002 -13"><span class='ocrx_word' id='word_1_18' title='bbox 220 512 403 558; x_wconf 85' lang='lat' dir='ltr'>Apollonii</span> <span class='ocrx_word' id='word_1_19' title='bbox 425 515 557 552; x_wconf 90' lang='lat' dir='ltr'>Rhodii</span> <span class='ocrx_word' id='word_1_20' title='bbox 581 518 620 552; x_wconf 91' lang='lat' dir='ltr'>et</span> <span class='ocrx_word' id='word_1_21' title='bbox 645 516 782 553; x_wconf 90' lang='lat' dir='ltr'>Valerii</span> <span class='ocrx_word' id='word_1_22' title='bbox 807 516 946 561; x_wconf 82' lang='lat' dir='ltr'>Flacci,</span> <span class='ocrx_word' id='word_1_23' title='bbox 971 516 1036 560; x_wconf 86' lang='lat' dir='ltr'>qui</span> <span class='ocrx_word' id='word_1_24' title='bbox 1056 515 1241 560; x_wconf 92' lang='lat' dir='ltr'>Apollonii</span> <span class='ocrx_word' id='word_1_25' title='bbox 1259 514 1523 559; x_wconf 84' lang='lat' dir='ltr'>Argonauticis</span> 
     </span>
     <span class='ocr_line' id='line_1_5' title="bbox 221 582 1522 629; baseline 0.001 -12"><span class='ocrx_word' id='word_1_26' title='bbox 221 589 295 617; x_wconf 89' lang='lat' dir='ltr'>non</span> <span class='ocrx_word' id='word_1_27' title='bbox 327 582 433 619; x_wconf 88' lang='lat' dir='ltr'>unico</span> <span class='ocrx_word' id='word_1_28' title='bbox 453 583 555 620; x_wconf 88' lang='lat' dir='ltr'>fonte</span> <span class='ocrx_word' id='word_1_29' title='bbox 576 594 668 620; x_wconf 88' lang='lat' dir='ltr'>usus</span> <span class='ocrx_word' id='word_1_30' title='bbox 690 585 895 620; x_wconf 84' lang='lat' dir='ltr'><strong>maximam</strong></span> <span class='ocrx_word' id='word_1_31' title='bbox 915 585 1044 621; x_wconf 88' lang='lat' dir='ltr'>tamen</span> <span class='ocrx_word' id='word_1_32' title='bbox 1064 586 1212 629; x_wconf 86' lang='lat' dir='ltr'>partem</span> <span class='ocrx_word' id='word_1_33' title='bbox 1229 592 1317 620; x_wconf 92' lang='lat' dir='ltr'>eum</span> <span class='ocrx_word' id='word_1_34' title='bbox 1332 583 1522 619; x_wconf 80' lang='lat' dir='ltr'>auctorem</span> 
     </span>
     <span class='ocr_line' id='line_1_6' title="bbox 221 647 1522 699; baseline 0.001 -15"><span class='ocrx_word' id='word_1_35' title='bbox 221 647 360 699; x_wconf 70' lang='lat' dir='ltr'>habuit.</span> <span class='ocrx_word' id='word_1_36' title='bbox 407 650 585 686; x_wconf 88' lang='lat' dir='ltr'>Diodorus</span> <span class='ocrx_word' id='word_1_37' title='bbox 617 651 719 687; x_wconf 88' lang='lat' dir='ltr'>enim</span> <span class='ocrx_word' id='word_1_38' title='bbox 752 652 898 687; x_wconf 83' lang='lat' dir='ltr'>Siculus</span> <span class='ocrx_word' id='word_1_39' title='bbox 930 652 969 687; x_wconf 91' lang='lat' dir='ltr'>in</span> <span class='ocrx_word' id='word_1_40' title='bbox 1001 651 1226 687; x_wconf 85' lang='lat' dir='ltr'>Bibliotheca</span> <span class='ocrx_word' id='word_1_41' title='bbox 1258 651 1312 686; x_wconf 94' lang='lat' dir='ltr'>IV</span> <span class='ocrx_word' id='word_1_42' title='bbox 1338 663 1348 685; x_wconf 75' lang='lat' dir='ltr'><strong><em>z</em></strong></span> <span class='ocrx_word' id='word_1_43' title='bbox 1375 651 1522 686; x_wconf 84' lang='lat'>40—57</span> 
     </span>
     <span class='ocr_line' id='line_1_7' title="bbox 219 717 1521 763; baseline 0.002 -10"><span class='ocrx_word' id='word_1_44' title='bbox 219 717 471 762; x_wconf 81' lang='lat' dir='ltr'>Argonautica</span> <span class='ocrx_word' id='word_1_45' title='bbox 507 720 547 753; x_wconf 87' lang='lat' dir='ltr'>et</span> <span class='ocrx_word' id='word_1_46' title='bbox 577 718 719 755; x_wconf 86' lang='lat' dir='ltr'>Iasonis</span> <span class='ocrx_word' id='word_1_47' title='bbox 752 720 873 756; x_wconf 82' lang='lat' dir='ltr'>vitam</span> <span class='ocrx_word' id='word_1_48' title='bbox 896 719 1086 755; x_wconf 81' lang='lat' dir='ltr'>tractavit.</span> <span class='ocrx_word' id='word_1_49' title='bbox 1117 718 1178 755; x_wconf 89' lang='lat' dir='ltr'>Ad</span> <span class='ocrx_word' id='word_1_50' title='bbox 1202 728 1296 763; x_wconf 84' lang='lat' dir='ltr'>quae</span> <span class='ocrx_word' id='word_1_51' title='bbox 1321 718 1521 760; x_wconf 84' lang='lat' dir='ltr'>narranda,</span> 
     </span>
     <span class='ocr_line' id='line_1_8' title="bbox 220 785 1522 832; baseline 0.001 -11"><span class='ocrx_word' id='word_1_52' title='bbox 220 787 265 822; x_wconf 89' lang='lat' dir='ltr'>ut</span> <span class='ocrx_word' id='word_1_53' title='bbox 301 786 381 830; x_wconf 90' lang='lat' dir='ltr'>ipse</span> <span class='ocrx_word' id='word_1_54' title='bbox 419 785 527 828; x_wconf 88' lang='lat' dir='ltr'>dicit,</span> <span class='ocrx_word' id='word_1_55' title='bbox 565 789 754 829; x_wconf 87' lang='lat' dir='ltr'>permotus</span> <span class='ocrx_word' id='word_1_56' title='bbox 791 790 851 823; x_wconf 88' lang='lat' dir='ltr'>est</span> <span class='ocrx_word' id='word_1_57' title='bbox 886 787 982 832; x_wconf 87' lang='lat' dir='ltr'>quod</span> <span class='ocrx_word' id='word_1_58' title='bbox 1018 787 1217 832; x_wconf 86' lang='lat' dir='ltr'>Hercules,</span> <span class='ocrx_word' id='word_1_59' title='bbox 1249 787 1354 823; x_wconf 87' lang='lat' dir='ltr'>cuius</span> <span class='ocrx_word' id='word_1_60' title='bbox 1379 787 1522 823; x_wconf 88' lang='lat' dir='ltr'>labores</span> 
     </span>
     <span class='ocr_line' id='line_1_9' title="bbox 221 853 1521 899; baseline 0.002 -10"><span class='ocrx_word' id='word_1_61' title='bbox 221 853 484 898; x_wconf 75' lang='lat' dir='ltr'>descripserat,</span> <span class='ocrx_word' id='word_1_62' title='bbox 517 863 616 890; x_wconf 88' lang='lat' dir='ltr'>unus</span> <span class='ocrx_word' id='word_1_63' title='bbox 650 863 697 889; x_wconf 90' lang='lat' dir='ltr'>ex</span> <span class='ocrx_word' id='word_1_64' title='bbox 725 854 867 891; x_wconf 87' lang='lat' dir='ltr'>Iasonis</span> <span class='ocrx_word' id='word_1_65' title='bbox 898 855 1007 891; x_wconf 86' lang='lat' dir='ltr'>sociis</span> <span class='ocrx_word' id='word_1_66' title='bbox 1032 855 1113 891; x_wconf 85' lang='lat' dir='ltr'>fuit.</span> <span class='ocrx_word' id='word_1_67' title='bbox 1152 855 1279 890; x_wconf 86' lang='lat' dir='ltr'>Multis</span> <span class='ocrx_word' id='word_1_68' title='bbox 1304 855 1392 891; x_wconf 84' lang='lat' dir='ltr'>locis</span> <span class='ocrx_word' id='word_1_69' title='bbox 1415 855 1521 899; x_wconf 88' lang='lat' dir='ltr'>longe</span> 
     </span>
     <span class='ocr_line' id='line_1_10' title="bbox 222 920 1520 967; baseline 0.002 -11"><span class='ocrx_word' id='word_1_70' title='bbox 222 921 268 956; x_wconf 88' lang='lat' dir='ltr'>ab</span> <span class='ocrx_word' id='word_1_71' title='bbox 287 920 479 965; x_wconf 89' lang='lat' dir='ltr'>Apollonio</span> <span class='ocrx_word' id='word_1_72' title='bbox 498 921 622 957; x_wconf 83' lang='lat' dir='ltr'>differt</span> <span class='ocrx_word' id='word_1_73' title='bbox 641 930 709 957; x_wconf 88' lang='lat' dir='ltr'>nec</span> <span class='ocrx_word' id='word_1_74' title='bbox 729 922 959 966; x_wconf 89' lang='lat' dir='ltr'>mirandum;</span> <span class='ocrx_word' id='word_1_75' title='bbox 985 922 1064 967; x_wconf 87' lang='lat' dir='ltr'>ipse</span> <span class='ocrx_word' id='word_1_76' title='bbox 1087 922 1188 957; x_wconf 89' lang='lat' dir='ltr'>enim</span> <span class='ocrx_word' id='word_1_77' title='bbox 1207 921 1296 957; x_wconf 88' lang='lat' dir='ltr'>dicit</span> <span class='ocrx_word' id='word_1_78' title='bbox 1313 922 1388 958; x_wconf 82' lang='lat' dir='ltr'>IV:</span> <span class='ocrx_word' id='word_1_79' title='bbox 1412 922 1482 957; x_wconf 85' lang='lat'>44:</span> <span class='ocrx_word' id='word_1_80' title='bbox 1498 923 1520 958; x_wconf 85' lang='lat'>5</span> 
     </span>
     <span class='ocr_line' id='line_1_11' title="bbox 220 986 1522 1033; baseline 0.001 -11"><span class='ocrx_word' id='word_1_81' title='bbox 220 986 370 1022; x_wconf 72' lang='grc' dir='ltr'>καθόλου</span> <span class='ocrx_word' id='word_1_82' title='bbox 395 987 432 1023; x_wconf 79' lang='grc' dir='ltr'>δὲ</span> <span class='ocrx_word' id='word_1_83' title='bbox 457 988 531 1028; x_wconf 84' lang='grc' dir='ltr'><em>τοὺς</em></span> <span class='ocrx_word' id='word_1_84' title='bbox 557 989 723 1028; x_wconf 72' lang='grc' dir='ltr'>παλαιοὺς</span> <span class='ocrx_word' id='word_1_85' title='bbox 748 988 878 1031; x_wconf 65' lang='grc' dir='ltr'><strong><em>μύθους</em></strong></span> <span class='ocrx_word' id='word_1_86' title='bbox 903 990 969 1033; x_wconf 79' lang='grc' dir='ltr'>οὐχ</span> <span class='ocrx_word' id='word_1_87' title='bbox 988 988 1100 1029; x_wconf 67' lang='grc' dir='ltr'><strong><em>ἁπλῆν</em></strong></span> <span class='ocrx_word' id='word_1_88' title='bbox 1120 989 1191 1024; x_wconf 78' lang='grc' dir='ltr'><em>οὐδὲ</em></span> <span class='ocrx_word' id='word_1_89' title='bbox 1213 988 1522 1031; x_wconf 71' lang='grc' dir='ltr'><strong><em>συμπεφωνημένην</em></strong></span> 
     </span>
     <span class='ocr_line' id='line_1_12' title="bbox 222 1055 1523 1101; baseline 0 -11"><span class='ocrx_word' id='word_1_90' title='bbox 222 1055 366 1100; x_wconf 74' lang='grc' dir='ltr'><strong><em>ἱστορίαν</em></strong></span> <span class='ocrx_word' id='word_1_91' title='bbox 387 1055 479 1099; x_wconf 82' lang='grc' dir='ltr'><strong><em>ἔχειν</em></strong></span> <span class='ocrx_word' id='word_1_92' title='bbox 499 1056 712 1099; x_wconf 78' lang='grc' dir='ltr'><strong><em>συμβέβηκε·</em></strong></span> <span class='ocrx_word' id='word_1_93' title='bbox 732 1056 844 1101; x_wconf 78' lang='grc' dir='ltr'><strong><em>διόπερ</em></strong></span> <span class='ocrx_word' id='word_1_94' title='bbox 867 1057 901 1091; x_wconf 79' lang='grc' dir='ltr'>οὐ</span> <span class='ocrx_word' id='word_1_95' title='bbox 925 1058 991 1101; x_wconf 70' lang='grc' dir='ltr'>χρὴ</span> <span class='ocrx_word' id='word_1_96' title='bbox 1013 1055 1219 1099; x_wconf 70' lang='grc' dir='ltr'>θαυμάζειν,</span> <span class='ocrx_word' id='word_1_97' title='bbox 1233 1055 1290 1092; x_wconf 73' lang='grc' dir='ltr'>ἐάν</span> <span class='ocrx_word' id='word_1_98' title='bbox 1302 1069 1378 1091; x_wconf 73' lang='grc' dir='ltr'><strong><em>τινα</em></strong></span> <span class='ocrx_word' id='word_1_99' title='bbox 1389 1058 1453 1090; x_wconf 82' lang='grc' dir='ltr'>τῶν</span> <span class='ocrx_word' id='word_1_100' title='bbox 1465 1058 1523 1101; x_wconf 74' lang='grc' dir='ltr'>ἀρ-</span> 
     </span>
     <span class='ocr_line' id='line_1_13' title="bbox 223 1123 1521 1170; baseline 0 -12"><span class='ocrx_word' id='word_1_101' title='bbox 223 1123 510 1167; x_wconf 72' lang='grc' dir='ltr'><strong><em>χαιολογουμένων</em></strong></span> <span class='ocrx_word' id='word_1_102' title='bbox 530 1125 577 1166; x_wconf 66' lang='grc' dir='ltr'>μὴ</span> <span class='ocrx_word' id='word_1_103' title='bbox 601 1124 788 1170; x_wconf 81' lang='grc' dir='ltr'><strong><em>συμφώνως</em></strong></span> <span class='ocrx_word' id='word_1_104' title='bbox 813 1123 925 1160; x_wconf 72' lang='grc' dir='ltr'><strong><em>ἅπασι</em></strong></span> <span class='ocrx_word' id='word_1_105' title='bbox 951 1128 1020 1165; x_wconf 76' lang='grc' dir='ltr'>τοῖς</span> <span class='ocrx_word' id='word_1_106' title='bbox 1033 1127 1186 1165; x_wconf 74' lang='grc' dir='ltr'>ποιηταῖς</span> <span class='ocrx_word' id='word_1_107' title='bbox 1198 1123 1255 1158; x_wconf 70' lang='grc' dir='ltr'>καὶ</span> <span class='ocrx_word' id='word_1_108' title='bbox 1268 1126 1521 1168; x_wconf 68' lang='grc' dir='ltr'><strong><em>συγγραφεῦσι-</em></strong></span> 
     </span>
     <span class='ocr_line' id='line_1_14' title="bbox 221 1191 1523 1238; baseline 0.002 -12"><span class='ocrx_word' id='word_1_109' title='bbox 221 1191 452 1236; x_wconf 54' lang='lat' dir='ltr'>maiman.</span> <span class='ocrx_word' id='word_1_110' title='bbox 488 1192 580 1238; x_wconf 81' lang='lat' dir='ltr'>Quid</span> <span class='ocrx_word' id='word_1_111' title='bbox 616 1195 746 1229; x_wconf 90' lang='lat' dir='ltr'>autem</span> <span class='ocrx_word' id='word_1_112' title='bbox 777 1193 949 1230; x_wconf 90' lang='lat' dir='ltr'>Valerius</span> <span class='ocrx_word' id='word_1_113' title='bbox 987 1203 1010 1229; x_wconf 90' lang='lat' dir='ltr'>a</span> <span class='ocrx_word' id='word_1_114' title='bbox 1035 1193 1191 1229; x_wconf 91' lang='lat' dir='ltr'>Diodoro</span> <span class='ocrx_word' id='word_1_115' title='bbox 1229 1195 1426 1229; x_wconf 89' lang='lat' dir='ltr'>mutuatus</span> <span class='ocrx_word' id='word_1_116' title='bbox 1451 1193 1523 1238; x_wconf 88' lang='lat' dir='ltr'>sit,</span> 
     </span>
     <span class='ocr_line' id='line_1_15' title="bbox 223 1262 1525 1307; baseline 0 -9"><span class='ocrx_word' id='word_1_117' title='bbox 223 1262 267 1298; x_wconf 79' lang='lat' dir='ltr'>G.</span> <span class='ocrx_word' id='word_1_118' title='bbox 301 1262 403 1298; x_wconf 80' lang='lat' dir='ltr'>Thilo</span> <span class='ocrx_word' id='word_1_119' title='bbox 435 1263 474 1298; x_wconf 92' lang='lat' dir='ltr'>in</span> <span class='ocrx_word' id='word_1_120' title='bbox 510 1262 767 1307; x_wconf 86' lang='lat' dir='ltr'>prolegomeno</span> <span class='ocrx_word' id='word_1_121' title='bbox 799 1272 881 1307; x_wconf 85' lang='lat' dir='ltr'>pag.</span> <span class='ocrx_word' id='word_1_122' title='bbox 916 1262 1005 1299; x_wconf 88' lang='lat' dir='ltr'><strong>VIII</strong></span> <span class='ocrx_word' id='word_1_123' title='bbox 1038 1262 1121 1298; x_wconf 89' lang='lat' dir='ltr'>adn.</span> <span class='ocrx_word' id='word_1_124' title='bbox 1149 1263 1183 1298; x_wconf 84' lang='grc'>2.</span> <span class='ocrx_word' id='word_1_125' title='bbox 1208 1262 1426 1307; x_wconf 81' lang='lat' dir='ltr'>explicavit,</span> <span class='ocrx_word' id='word_1_126' title='bbox 1452 1271 1525 1306; x_wconf 93' lang='lat' dir='ltr'>quo</span> 
     </span>
    </p>
   </div>
   <div class='ocr_carea' id='block_1_3' title="bbox 202 1364 428 1371">
    <p class='ocr_par' dir='ltr' id='par_1_3' title="bbox 202 1364 428 1371">
     <span class='ocr_line' id='line_1_16' title="bbox 202 1364 428 1371; baseline 0 0"><span class='ocrx_word' id='word_1_127' title='bbox 202 1364 428 1371; x_wconf 95' lang='lat' dir='ltr'> </span> 
     </span>
    </p>
   </div>
   <div class='ocr_carea' id='block_1_4' title="bbox 216 1417 1527 1860">
    <p class='ocr_par' dir='ltr' id='par_1_4' title="bbox 216 1417 1527 1860">
     <span class='ocr_line' id='line_1_17' title="bbox 226 1417 1525 1458; baseline -0.001 -9"><span class='ocrx_word' id='word_1_128' title='bbox 226 1421 229 1423; x_wconf 83' lang='lat'>&#39;</span> <span class='ocrx_word' id='word_1_129' title='bbox 266 1418 297 1456; x_wconf 93' lang='grc'><strong>1)</strong></span> <span class='ocrx_word' id='word_1_130' title='bbox 330 1418 530 1457; x_wconf 84' lang='lat' dir='ltr'>Apollodorus</span> <span class='ocrx_word' id='word_1_131' title='bbox 559 1418 771 1458; x_wconf 82' lang='lat' dir='ltr'>Atheniensis,</span> <span class='ocrx_word' id='word_1_132' title='bbox 804 1418 888 1449; x_wconf 90' lang='lat' dir='ltr'>filius</span> <span class='ocrx_word' id='word_1_133' title='bbox 910 1418 1118 1458; x_wconf 85' lang='lat' dir='ltr'>Asclepiadis,</span> <span class='ocrx_word' id='word_1_134' title='bbox 1141 1418 1312 1450; x_wconf 85' lang='lat' dir='ltr'>Aristarchi</span> <span class='ocrx_word' id='word_1_135' title='bbox 1334 1420 1365 1449; x_wconf 87' lang='lat' dir='ltr'>et</span> <span class='ocrx_word' id='word_1_136' title='bbox 1386 1417 1525 1449; x_wconf 78' lang='lat' dir='ltr'>Panaetii</span> 
     </span>
     <span class='ocr_line' id='line_1_18' title="bbox 220 1475 1526 1516; baseline 0 -9"><span class='ocrx_word' id='word_1_137' title='bbox 220 1475 402 1516; x_wconf 84' lang='lat' dir='ltr'>discipulus,</span> <span class='ocrx_word' id='word_1_138' title='bbox 434 1475 662 1508; x_wconf 83' lang='lat' dir='ltr'>accuratissime</span> <span class='ocrx_word' id='word_1_139' title='bbox 694 1476 849 1516; x_wconf 89' lang='lat' dir='ltr'>Apollonii</span> <span class='ocrx_word' id='word_1_140' title='bbox 884 1476 994 1508; x_wconf 88' lang='lat' dir='ltr'>Rhodii</span> <span class='ocrx_word' id='word_1_141' title='bbox 1028 1476 1236 1516; x_wconf 84' lang='lat' dir='ltr'>Argonautica</span> <span class='ocrx_word' id='word_1_142' title='bbox 1269 1477 1392 1508; x_wconf 87' lang='lat' dir='ltr'>secutus</span> <span class='ocrx_word' id='word_1_143' title='bbox 1424 1477 1471 1508; x_wconf 88' lang='lat' dir='ltr'>est</span> <span class='ocrx_word' id='word_1_144' title='bbox 1493 1475 1526 1506; x_wconf 90' lang='lat' dir='ltr'>in</span> 
     </span>
     <span class='ocr_line' id='line_1_19' title="bbox 220 1534 1526 1575; baseline 0.001 -9"><span class='ocrx_word' id='word_1_145' title='bbox 220 1534 409 1567; x_wconf 88' lang='lat' dir='ltr'>Bibliotheca</span> <span class='ocrx_word' id='word_1_146' title='bbox 432 1534 674 1567; x_wconf 82' lang='lat'><strong>1:9:16—27.</strong></span> <span class='ocrx_word' id='word_1_147' title='bbox 697 1534 757 1567; x_wconf 90' lang='lat' dir='ltr'>Hic</span> <span class='ocrx_word' id='word_1_148' title='bbox 773 1536 866 1575; x_wconf 85' lang='lat' dir='ltr'>atque</span> <span class='ocrx_word' id='word_1_149' title='bbox 888 1535 953 1567; x_wconf 91' lang='lat' dir='ltr'>illic</span> <span class='ocrx_word' id='word_1_150' title='bbox 964 1535 1152 1567; x_wconf 87' lang='lat' dir='ltr'>occasionem</span> <span class='ocrx_word' id='word_1_151' title='bbox 1162 1535 1276 1567; x_wconf 85' lang='lat' dir='ltr'>habebo</span> <span class='ocrx_word' id='word_1_152' title='bbox 1286 1534 1526 1574; x_wconf 76' lang='lat' dir='ltr'>demonstrandi,</span> 
     </span>
     <span class='ocr_line' id='line_1_20' title="bbox 216 1592 1526 1633; baseline 0 -9"><span class='ocrx_word' id='word_1_153' title='bbox 216 1602 312 1633; x_wconf 86' lang='lat' dir='ltr'>quam</span> <span class='ocrx_word' id='word_1_154' title='bbox 335 1593 410 1624; x_wconf 83' lang='lat' dir='ltr'>bene</span> <span class='ocrx_word' id='word_1_155' title='bbox 430 1592 584 1632; x_wconf 87' lang='lat' dir='ltr'>Apollonii</span> <span class='ocrx_word' id='word_1_156' title='bbox 608 1593 764 1632; x_wconf 86' lang='lat' dir='ltr'>ingenium</span> <span class='ocrx_word' id='word_1_157' title='bbox 784 1593 980 1632; x_wconf 81' lang='lat' dir='ltr'>perspexerit.</span> <span class='ocrx_word' id='word_1_158' title='bbox 1003 1593 1080 1625; x_wconf 89' lang='lat' dir='ltr'>Cum</span> <span class='ocrx_word' id='word_1_159' title='bbox 1103 1593 1140 1625; x_wconf 88' lang='lat' dir='ltr'>de</span> <span class='ocrx_word' id='word_1_160' title='bbox 1158 1593 1258 1625; x_wconf 87' lang='lat' dir='ltr'>reditu</span> <span class='ocrx_word' id='word_1_161' title='bbox 1281 1594 1526 1633; x_wconf 82' lang='lat' dir='ltr'>Argonautarum</span> 
     </span>
     <span class='ocr_line' id='line_1_21' title="bbox 221 1650 1527 1692; baseline -0.001 -8"><span class='ocrx_word' id='word_1_162' title='bbox 221 1660 282 1684; x_wconf 90' lang='lat' dir='ltr'>non</span> <span class='ocrx_word' id='word_1_163' title='bbox 314 1652 438 1684; x_wconf 86' lang='lat' dir='ltr'>acturus</span> <span class='ocrx_word' id='word_1_164' title='bbox 471 1651 529 1683; x_wconf 93' lang='lat' dir='ltr'>sim</span> <span class='ocrx_word' id='word_1_165' title='bbox 558 1650 637 1692; x_wconf 88' lang='lat' dir='ltr'>quod</span> <span class='ocrx_word' id='word_1_166' title='bbox 670 1650 784 1683; x_wconf 89' lang='lat' dir='ltr'>Valerii</span> <span class='ocrx_word' id='word_1_167' title='bbox 807 1659 930 1683; x_wconf 81' lang='lat' dir='ltr'>carmen</span> <span class='ocrx_word' id='word_1_168' title='bbox 952 1650 992 1683; x_wconf 78' lang='lat' dir='ltr'>ad</span> <span class='ocrx_word' id='word_1_169' title='bbox 1013 1651 1129 1683; x_wconf 87' lang='lat' dir='ltr'>flumen</span> <span class='ocrx_word' id='word_1_170' title='bbox 1152 1651 1267 1683; x_wconf 87' lang='lat' dir='ltr'>Istrum</span> <span class='ocrx_word' id='word_1_171' title='bbox 1289 1660 1386 1692; x_wconf 85' lang='lat' dir='ltr'>usque</span> <span class='ocrx_word' id='word_1_172' title='bbox 1407 1652 1527 1683; x_wconf 85' lang='lat' dir='ltr'>tantum</span> 
     </span>
     <span class='ocr_line' id='line_1_22' title="bbox 220 1700 1526 1750; baseline 0 -8"><span class='ocrx_word' id='word_1_173' title='bbox 220 1710 365 1750; x_wconf 81' lang='lat' dir='ltr'>pertinet,</span> <span class='ocrx_word' id='word_1_174' title='bbox 394 1700 565 1750; x_wconf 78' lang='lat' dir='ltr'>analogiam</span> <span class='ocrx_word' id='word_1_175' title='bbox 596 1710 674 1741; x_wconf 86' lang='lat' dir='ltr'>inter</span> <span class='ocrx_word' id='word_1_176' title='bbox 706 1709 860 1750; x_wconf 88' lang='lat' dir='ltr'>Apollonii</span> <span class='ocrx_word' id='word_1_177' title='bbox 882 1709 995 1740; x_wconf 85' lang='lat' dir='ltr'>librum</span> <span class='ocrx_word' id='word_1_178' title='bbox 1017 1710 1064 1741; x_wconf 88' lang='lat' dir='ltr'>IV</span> <span class='ocrx_word' id='word_1_179' title='bbox 1087 1712 1117 1741; x_wconf 81' lang='lat' dir='ltr'>et</span> <span class='ocrx_word' id='word_1_180' title='bbox 1139 1710 1356 1750; x_wconf 87' lang='lat' dir='ltr'>Apollodorum</span> <span class='ocrx_word' id='word_1_181' title='bbox 1379 1710 1526 1742; x_wconf 84' lang='lat' dir='ltr'>indicabo.</span> 
     </span>
     <span class='ocr_line' id='line_1_23' title="bbox 218 1766 1525 1809; baseline -0.001 -8"><span class='ocrx_word' id='word_1_182' title='bbox 218 1767 364 1809; x_wconf 81' lang='lat' dir='ltr'>Conferas</span> <span class='ocrx_word' id='word_1_183' title='bbox 385 1767 422 1800; x_wconf 87' lang='lat' dir='ltr'>de</span> <span class='ocrx_word' id='word_1_184' title='bbox 442 1769 621 1809; x_wconf 87' lang='lat' dir='ltr'>tempestate</span> <span class='ocrx_word' id='word_1_185' title='bbox 643 1768 674 1799; x_wconf 87' lang='lat' dir='ltr'>et</span> <span class='ocrx_word' id='word_1_186' title='bbox 696 1767 780 1799; x_wconf 85' lang='lat' dir='ltr'>trabe</span> <span class='ocrx_word' id='word_1_187' title='bbox 801 1766 986 1799; x_wconf 84' lang='lat' dir='ltr'>vaticinante</span> <span class='ocrx_word' id='word_1_188' title='bbox 1009 1767 1114 1808; x_wconf 83' lang='lat' dir='ltr'>Apoll.</span> <span class='ocrx_word' id='word_1_189' title='bbox 1127 1769 1167 1799; x_wconf 89' lang='lat'>4:</span> <span class='ocrx_word' id='word_1_190' title='bbox 1181 1767 1245 1800; x_wconf 83' lang='lat'>578</span> <span class='ocrx_word' id='word_1_191' title='bbox 1266 1776 1329 1808; x_wconf 88' lang='lat' dir='ltr'>seq.</span> <span class='ocrx_word' id='word_1_192' title='bbox 1342 1769 1373 1800; x_wconf 84' lang='lat' dir='ltr'>et</span> <span class='ocrx_word' id='word_1_193' title='bbox 1383 1766 1525 1809; x_wconf 89' lang='lat' dir='ltr'>Apollod.</span> 
     </span>
     <span class='ocr_line' id='line_1_24' title="bbox 268 1827 523 1860; baseline -0.008 0"><span class='ocrx_word' id='word_1_194' title='bbox 268 1828 285 1860; x_wconf 90' lang='lat'>1</span> <span class='ocrx_word' id='word_1_195' title='bbox 306 1839 314 1860; x_wconf 91' lang='lat'>:</span> <span class='ocrx_word' id='word_1_196' title='bbox 338 1828 358 1860; x_wconf 83' lang='lat'>9</span> <span class='ocrx_word' id='word_1_197' title='bbox 382 1827 446 1859; x_wconf 80' lang='lat'>:24</span> <span class='ocrx_word' id='word_1_198' title='bbox 470 1840 478 1859; x_wconf 88' lang='lat'>:</span> <span class='ocrx_word' id='word_1_199' title='bbox 501 1827 523 1858; x_wconf 89' lang='lat'>4</span> 
     </span>
    </p>
   </div>
   <div class='ocr_carea' id='block_1_5' title="bbox 217 1884 1325 2152">
    <p class='ocr_par' dir='ltr' id='par_1_5' title="bbox 217 1884 1325 2152">
     <span class='ocr_line' id='line_1_25' title="bbox 218 1884 1229 1924; baseline -0.001 -6"><span class='ocrx_word' id='word_1_200' title='bbox 218 1885 258 1918; x_wconf 84' lang='lat' dir='ltr'>de</span> <span class='ocrx_word' id='word_1_201' title='bbox 279 1885 411 1918; x_wconf 80' lang='lat' dir='ltr'>Eridano</span> <span class='ocrx_word' id='word_1_202' title='bbox 461 1908 471 1917; x_wconf 90' lang='lat'><strong>.</strong></span> <span class='ocrx_word' id='word_1_203' title='bbox 516 1910 524 1917; x_wconf 92' lang='lat'>.</span> <span class='ocrx_word' id='word_1_204' title='bbox 570 1908 577 1916; x_wconf 88' lang='lat'><strong>.</strong></span> <span class='ocrx_word' id='word_1_205' title='bbox 625 1908 633 1915; x_wconf 93' lang='lat'><em>.</em></span> <span class='ocrx_word' id='word_1_206' title='bbox 678 1884 796 1916; x_wconf 85' lang='lat'>4:596</span> <span class='ocrx_word' id='word_1_207' title='bbox 827 1893 890 1924; x_wconf 90' lang='lat' dir='ltr'>seq.</span> <span class='ocrx_word' id='word_1_208' title='bbox 912 1886 943 1915; x_wconf 89' lang='lat' dir='ltr'>et</span> <span class='ocrx_word' id='word_1_209' title='bbox 965 1884 1105 1924; x_wconf 90' lang='lat' dir='ltr'>Apollod.</span> <span class='ocrx_word' id='word_1_210' title='bbox 1118 1885 1229 1917; x_wconf 87' lang='lat' dir='ltr'>ibidem</span> 
     </span>
     <span class='ocr_line' id='line_1_26' title="bbox 217 1943 1325 1977; baseline -0.003 0"><span class='ocrx_word' id='word_1_211' title='bbox 217 1944 258 1977; x_wconf 82' lang='lat' dir='ltr'>de</span> <span class='ocrx_word' id='word_1_212' title='bbox 280 1944 373 1977; x_wconf 75' lang='lat' dir='ltr'>Celtis</span> <span class='ocrx_word' id='word_1_213' title='bbox 407 1967 634 1976; x_wconf 90' lang='grc'><strong><em>.....</em></strong></span> <span class='ocrx_word' id='word_1_214' title='bbox 679 1943 797 1976; x_wconf 80' lang='lat'>4:611</span> <span class='ocrx_word' id='word_1_215' title='bbox 921 1956 935 1971; x_wconf 87' lang='lat'>»</span> <span class='ocrx_word' id='word_1_216' title='bbox 1026 1956 1040 1971; x_wconf 84' lang='lat'><strong>»</strong></span> <span class='ocrx_word' id='word_1_217' title='bbox 1120 1943 1325 1976; x_wconf 81' lang='lat'>1:9:24:5</span> 
     </span>
     <span class='ocr_line' id='line_1_27' title="bbox 219 2002 1226 2036; baseline -0.003 -1"><span class='ocrx_word' id='word_1_218' title='bbox 219 2003 259 2035; x_wconf 83' lang='lat' dir='ltr'>de</span> <span class='ocrx_word' id='word_1_219' title='bbox 280 2003 429 2036; x_wconf 87' lang='lat' dir='ltr'>Sardoneo</span> <span class='ocrx_word' id='word_1_220' title='bbox 451 2003 528 2034; x_wconf 88' lang='lat' dir='ltr'>mari</span> <span class='ocrx_word' id='word_1_221' title='bbox 574 2027 582 2034; x_wconf 94' lang='lat'><strong>.</strong></span> <span class='ocrx_word' id='word_1_222' title='bbox 629 2025 637 2033; x_wconf 93' lang='lat'>.</span> <span class='ocrx_word' id='word_1_223' title='bbox 682 2002 724 2034; x_wconf 86' lang='lat'>4:</span> <span class='ocrx_word' id='word_1_224' title='bbox 737 2002 800 2035; x_wconf 88' lang='grc'>633</span> <span class='ocrx_word' id='word_1_225' title='bbox 923 2014 937 2029; x_wconf 83' lang='grc'>»</span> <span class='ocrx_word' id='word_1_226' title='bbox 1028 2015 1042 2029; x_wconf 94' lang='lat'>»</span> <span class='ocrx_word' id='word_1_227' title='bbox 1115 2002 1226 2033; x_wconf 88' lang='lat' dir='ltr'>ibidem</span> 
     </span>
     <span class='ocr_line' id='line_1_28' title="bbox 218 2059 1230 2094; baseline -0.004 0"><span class='ocrx_word' id='word_1_228' title='bbox 218 2061 259 2094; x_wconf 82' lang='lat' dir='ltr'>de</span> <span class='ocrx_word' id='word_1_229' title='bbox 281 2061 365 2094; x_wconf 88' lang='lat' dir='ltr'>Circe</span> <span class='ocrx_word' id='word_1_230' title='bbox 387 2062 417 2093; x_wconf 87' lang='lat' dir='ltr'>et</span> <span class='ocrx_word' id='word_1_231' title='bbox 438 2061 520 2094; x_wconf 85' lang='lat' dir='ltr'>Aeco</span> <span class='ocrx_word' id='word_1_232' title='bbox 541 2061 640 2093; x_wconf 88' lang='lat' dir='ltr'>litore.</span> <span class='ocrx_word' id='word_1_233' title='bbox 685 2061 727 2092; x_wconf 86' lang='lat'>4:</span> <span class='ocrx_word' id='word_1_234' title='bbox 741 2060 804 2093; x_wconf 88' lang='grc'>660</span> <span class='ocrx_word' id='word_1_235' title='bbox 926 2073 941 2088; x_wconf 64' lang='grc' dir='ltr'><strong><em>ι</em></strong></span> <span class='ocrx_word' id='word_1_236' title='bbox 1031 2073 1045 2088; x_wconf 87' lang='lat'>»</span> <span class='ocrx_word' id='word_1_237' title='bbox 1120 2059 1230 2091; x_wconf 87' lang='lat' dir='ltr'>ibidem</span> 
     </span>
     <span class='ocr_line' id='line_1_29' title="bbox 218 2118 1321 2152; baseline -0.002 -1"><span class='ocrx_word' id='word_1_238' title='bbox 218 2120 259 2151; x_wconf 83' lang='lat' dir='ltr'>de</span> <span class='ocrx_word' id='word_1_239' title='bbox 270 2120 425 2152; x_wconf 86' lang='lat' dir='ltr'>Sirenibus</span> <span class='ocrx_word' id='word_1_240' title='bbox 436 2122 467 2151; x_wconf 88' lang='lat' dir='ltr'>et</span> <span class='ocrx_word' id='word_1_241' title='bbox 477 2129 551 2152; x_wconf 89' lang='lat' dir='ltr'>casu</span> <span class='ocrx_word' id='word_1_242' title='bbox 562 2120 662 2151; x_wconf 86' lang='lat' dir='ltr'>Butae</span> <span class='ocrx_word' id='word_1_243' title='bbox 683 2119 705 2150; x_wconf 88' lang='lat'>4</span> <span class='ocrx_word' id='word_1_244' title='bbox 718 2131 726 2150; x_wconf 77' lang='lat' dir='ltr'><strong><em>z</em></strong></span> <span class='ocrx_word' id='word_1_245' title='bbox 739 2118 912 2150; x_wconf 80' lang='lat'><strong>893—920</strong></span> <span class='ocrx_word' id='word_1_246' title='bbox 924 2131 939 2146; x_wconf 81' lang='lat'><strong>»</strong></span> <span class='ocrx_word' id='word_1_247' title='bbox 1029 2131 1044 2146; x_wconf 87' lang='grc'>»</span> <span class='ocrx_word' id='word_1_248' title='bbox 1123 2119 1137 2148; x_wconf 96' lang='grc'><strong>1</strong></span> <span class='ocrx_word' id='word_1_249' title='bbox 1154 2130 1161 2149; x_wconf 88' lang='lat'><strong>:</strong></span> <span class='ocrx_word' id='word_1_250' title='bbox 1175 2119 1194 2150; x_wconf 86' lang='lat'>9</span> <span class='ocrx_word' id='word_1_251' title='bbox 1208 2130 1214 2149; x_wconf 93' lang='lat'>:</span> <span class='ocrx_word' id='word_1_252' title='bbox 1229 2118 1270 2150; x_wconf 79' lang='lat'>25</span> <span class='ocrx_word' id='word_1_253' title='bbox 1283 2130 1290 2149; x_wconf 89' lang='lat'>:</span> <span class='ocrx_word' id='word_1_254' title='bbox 1304 2119 1321 2149; x_wconf 90' lang='lat'>1</span> 
     </span>
    </p>
   </div>
   <div class='ocr_carea' id='block_1_6' title="bbox 218 2176 1472 2395">
    <p class='ocr_par' dir='ltr' id='par_1_6' title="bbox 218 2176 1472 2335">
     <span class='ocr_line' id='line_1_30' title="bbox 219 2176 1326 2219; baseline -0.003 -9"><span class='ocrx_word' id='word_1_255' title='bbox 219 2178 260 2211; x_wconf 89' lang='lat' dir='ltr'>de</span> <span class='ocrx_word' id='word_1_256' title='bbox 281 2178 381 2219; x_wconf 81' lang='lat' dir='ltr'>Scylla</span> <span class='ocrx_word' id='word_1_257' title='bbox 403 2179 434 2210; x_wconf 86' lang='lat' dir='ltr'>et</span> <span class='ocrx_word' id='word_1_258' title='bbox 453 2177 602 2219; x_wconf 85' lang='lat' dir='ltr'>Charybdi</span> <span class='ocrx_word' id='word_1_259' title='bbox 631 2200 640 2209; x_wconf 90' lang='lat'><strong>.</strong></span> <span class='ocrx_word' id='word_1_260' title='bbox 740 2176 913 2209; x_wconf 81' lang='lat'>920—963</span> <span class='ocrx_word' id='word_1_261' title='bbox 930 2187 943 2205; x_wconf 74' lang='lat'><strong>³</strong></span> <span class='ocrx_word' id='word_1_262' title='bbox 1035 2189 1050 2204; x_wconf 83' lang='lat'><strong>»</strong></span> <span class='ocrx_word' id='word_1_263' title='bbox 1126 2176 1143 2208; x_wconf 93' lang='lat'>1</span> <span class='ocrx_word' id='word_1_264' title='bbox 1158 2188 1165 2207; x_wconf 90' lang='lat'>:</span> <span class='ocrx_word' id='word_1_265' title='bbox 1178 2176 1197 2208; x_wconf 88' lang='grc'>9</span> <span class='ocrx_word' id='word_1_266' title='bbox 1211 2188 1218 2207; x_wconf 90' lang='grc'>;</span> <span class='ocrx_word' id='word_1_267' title='bbox 1231 2176 1272 2208; x_wconf 85' lang='grc'>25</span> <span class='ocrx_word' id='word_1_268' title='bbox 1286 2187 1294 2208; x_wconf 88' lang='lat'>:</span> <span class='ocrx_word' id='word_1_269' title='bbox 1307 2176 1326 2207; x_wconf 87' lang='lat'>2</span> 
     </span>
     <span class='ocr_line' id='line_1_31' title="bbox 218 2235 1472 2277; baseline -0.002 -6"><span class='ocrx_word' id='word_1_270' title='bbox 218 2239 451 2271; x_wconf 86' lang='lat' dir='ltr'>dePhaeacum</span> <span class='ocrx_word' id='word_1_271' title='bbox 473 2239 578 2270; x_wconf 87' lang='lat' dir='ltr'>terra.</span> <span class='ocrx_word' id='word_1_272' title='bbox 624 2260 633 2269; x_wconf 89' lang='lat'><strong>.</strong></span> <span class='ocrx_word' id='word_1_273' title='bbox 712 2237 864 2277; x_wconf 55' lang='lat' dir='ltr'>2990seq</span> <span class='ocrx_word' id='word_1_274' title='bbox 924 2250 939 2265; x_wconf 69' lang='lat' dir='ltr'>a·</span> <span class='ocrx_word' id='word_1_275' title='bbox 1029 2250 1043 2265; x_wconf 86' lang='lat'><strong>»</strong></span> <span class='ocrx_word' id='word_1_276' title='bbox 1119 2235 1472 2269; x_wconf 78' lang='lat' dir='ltr'>1:9:25:3et40t5</span> 
     </span>
     <span class='ocr_line' id='line_1_32' title="bbox 220 2294 1329 2335; baseline -0.002 -7"><span class='ocrx_word' id='word_1_277' title='bbox 220 2297 314 2328; x_wconf 75' lang='lat' dir='ltr'>&#39;Palas</span> <span class='ocrx_word' id='word_1_278' title='bbox 343 2297 376 2327; x_wconf 92' lang='lat' dir='ltr'>in</span> <span class='ocrx_word' id='word_1_279' title='bbox 398 2295 487 2328; x_wconf 86' lang='lat' dir='ltr'>Creta</span> <span class='ocrx_word' id='word_1_280' title='bbox 518 2318 526 2327; x_wconf 92' lang='lat'><strong><em>.</em></strong></span> <span class='ocrx_word' id='word_1_281' title='bbox 574 2318 581 2326; x_wconf 91' lang='lat'><em>.</em></span> <span class='ocrx_word' id='word_1_282' title='bbox 629 2318 637 2326; x_wconf 93' lang='lat'>.</span> <span class='ocrx_word' id='word_1_283' title='bbox 683 2295 942 2335; x_wconf 76' lang='lat' dir='ltr'>1V21637seq»</span> <span class='ocrx_word' id='word_1_284' title='bbox 1000 2302 1050 2322; x_wconf 71' lang='grc' dir='ltr'><strong><em>ἰ</em></strong></span> <span class='ocrx_word' id='word_1_285' title='bbox 1129 2294 1329 2326; x_wconf 79' lang='lat'><strong>1:9:2624</strong></span> 
     </span>
    </p>

    <p class='ocr_par' dir='ltr' id='par_1_7' title="bbox 222 2345 1366 2395">
     <span class='ocr_line' id='line_1_33' title="bbox 222 2345 1366 2395; baseline 0 -8"><span class='ocrx_word' id='word_1_286' title='bbox 222 2364 283 2388; x_wconf 89' lang='lat' dir='ltr'>non</span> <span class='ocrx_word' id='word_1_287' title='bbox 305 2345 548 2388; x_wconf 85' lang='lat' dir='ltr'>commemoravit</span> <span class='ocrx_word' id='word_1_288' title='bbox 570 2354 672 2395; x_wconf 71' lang='lat' dir='ltr'>Syrtes</span> <span class='ocrx_word' id='word_1_289' title='bbox 694 2355 725 2387; x_wconf 91' lang='lat' dir='ltr'>et</span> <span class='ocrx_word' id='word_1_290' title='bbox 748 2363 856 2386; x_wconf 83' lang='lat' dir='ltr'>navem</span> <span class='ocrx_word' id='word_1_291' title='bbox 878 2363 896 2386; x_wconf 86' lang='lat' dir='ltr'>a</span> <span class='ocrx_word' id='word_1_292' title='bbox 918 2353 1021 2386; x_wconf 86' lang='lat' dir='ltr'>nautis</span> <span class='ocrx_word' id='word_1_293' title='bbox 1043 2353 1076 2385; x_wconf 90' lang='lat' dir='ltr'>in</span> <span class='ocrx_word' id='word_1_294' title='bbox 1100 2362 1182 2385; x_wconf 85' lang='lat' dir='ltr'>mare</span> <span class='ocrx_word' id='word_1_295' title='bbox 1206 2354 1366 2394; x_wconf 56' lang='lat' dir='ltr'>pomam.</span> 
     </span>
    </p>
   </div>
  </div>
 </body>
</html>
