1874 2826
896 270 943 305 54

270 376 369 413 vixit
397 376 638 414 Macedonum
662 387 748 418 reX‚
776 376 878 413 urbis
901 376 1150 412 Alexandriae
1170 376 1353 417 conditor,
1379 378 1441 414 ubi
1465 378 1574 424 Apol·

269 444 392 480 Ionius
423 445 587 481 Rhodius
620 444 858 501 bibliothecae
892 445 1020 480 custos
1043 443 1251 480 litterarum
1276 443 1400 480 studio
1423 453 1574 490 operam

270 514 444 557 navavit,
482 513 642 549 multum
678 511 859 552 valuisse,
893 511 1027 547 docent
1058 511 1278 547 Plutarchus
1311 512 1392 548 vita
1415 513 1523 548 Alex.
1551 515 1573 549 2

269 582 311 616 et
348 579 448 616 Curt.
487 580 533 615 8:
548 579 668 615 3:26.
708 579 875 623 Uterque
912 577 1013 614 enim
1049 579 1109 613 est
1140 580 1269 615 auctor
1301 578 1510 623 Philippum
1534 581 1575 616 et

269 647 500 692 Olympiam,
533 646 737 683 Alexandri
768 646 891 691 Magni
923 631 1118 691 parentes,
1144 646 1312 683 initiatos
1335 656 1428 682 esse.
1455 646 1574 691 Quam

269 714 446 750 subtilem
471 715 512 749 et
534 714 726 758 ingentem
739 713 947 749 doctrinam
959 713 1177 758 Apollonius
1189 716 1378 750 ostentare
1389 714 1575 759 potuisset

270 781 329 817 his
337 782 528 825 mysteriis
540 782 766 828 enarrandis,
776 784 962 826 quatenus
975 782 1010 817 ei
1022 781 1181 818 fortasse
1192 781 1339 818 initiato
1348 780 1572 828 (919—921)

269 848 421 891 licebat,
442 850 481 884 et
506 849 649 885 musica
673 851 754 885 arte
767 848 901 894 Orphei
913 848 1061 892 initiati,
1074 857 1147 893 quo
1158 850 1354 894 praesente
1367 849 1404 885 in
1417 849 1574 895 procella

269 918 345 954 sint
354 917 829 958 servati‚commem0randa
841 916 876 964 1)
884 917 989 953 facile
998 918 1222 962 cognoveris„
1233 909 1464 963 Quamquam
1473 918 1573 954 nulla

268 985 403 1030 Orphei
415 995 483 1030 ope
495 986 534 1021 in
547 985 703 1030 procella
716 986 856 1021 servati
869 988 909 1021 et
922 984 973 1031 (V
972 985 1018 1021 al.
1032 986 1049 1021 1
1062 998 1071 1020 :
1083 985 1292 1031 608—650)
1306 987 1400 1023 salvi
1412 986 1459 1021 ad
1471 986 1572 1022 insu-

269 1054 346 1090 lam
360 1057 623 1099 pervenerunt,
637 1056 764 1089 tamen
777 1053 916 1089 initiati
928 1054 1018 1088 sunt
1030 1053 1200 1089 cautione
1212 1063 1260 1089 ne
1273 1055 1389 1090 maris
1401 1055 1572 1099 periculis

270 1120 505 1165 premantur!
530 1122 610 1157 Hoc
634 1130 777 1165 quoque
794 1121 870 1156 loco
882 1120 1054 1156 Valerius
1068 1121 1137 1156 sibi
1149 1130 1221 1157 non
1236 1124 1413 1158 constans
1426 1122 1574 1166 Apollo-

270 1189 323 1225 nii
336 1190 583 1225 narrationem
597 1189 700 1224 miris
712 1188 979 1224 additamentis
991 1191 1199 1225 contortam
1212 1190 1433 1226 obscuravit.
1448 1189 1573 1235 Pergit

269 1266 417 1292 narrare
443 1257 598 1292 Latinus
623 1257 708 1291 inde
732 1257 779 1292 ad
804 1256 925 1300 Sigeia
946 1256 1054 1292 litora
1073 1256 1221 1291 venisse
1242 1257 1496 1302 Argonautae,
1510 1258 1572 1293 ubi

269 1324 446 1360 Hercules
482 1333 567 1360 cum
603 1324 800 1361 Telamone
834 1333 1006 1369 egressus
1037 1327 1245 1361 monstrum
1272 1325 1483 1366 interemit.
1511 1325 1570 1361 cui

269 1393 369 1437 regia
392 1393 496 1437 virgo
520 1393 683 1437 proiecta
706 1395 787 1428 erat
812 1393 887 1428 irae
908 1392 1073 1437 Neptuni
1093 1392 1293 1437 placandae
1313 1402 1434 1428 causa.
1450 1392 1572 1429 Nimia

267 1461 550 1504 exaggeratione
588 1460 804 1505 magnitudo
841 1463 881 1496 et
912 1460 971 1495 vis
1004 1461 1131 1496 beluae
1156 1460 1392 1497 describitur:
1419 1470 1458 1497 re
1482 1453 1572 1497 vera

269 1530 328 1564 est
351 1530 581 1573 „monstrum
595 1529 726 1572 ingens
737 1527 756 1540 ”
780 1527 892 1574 (479).
920 1527 1021 1571 Quae
1033 1528 1156 1564 omnia
1169 1529 1215 1564 ab
1227 1528 1420 1573 Apollonio
1432 1529 1573 1564 Rhodio

267 1597 407 1632 omissa
432 1596 589 1631 inseruit
625 1595 798 1631 Valerius
831 1595 1029 1631 Diodorum
1051 1596 1086 1637 2)
1123 1596 1274 1640 quidem
1311 1596 1482 1632 imitatus
1506 1595 1572 1632 sed

268 1664 338 1700 sibi
386 1674 459 1700 non
511 1664 681 1700 conscius
729 1663 926 1700 Diodorum
976 1664 1071 1700 hanc
1119 1663 1422 1709 Argonautarum
1467 1673 1572 1709 expe-

268 1733 447 1768 ditionem
472 1740 639 1775 narrare,
659 1731 755 1775 quod
776 1731 965 1777 Hercules,
992 1731 1097 1767 culus
1121 1731 1220 1768 facta
1245 1731 1415 1777 exponit,
1443 1740 1572 1767 eorum

269 1800 392 1836 socius
429 1799 502 1835 fuit
539 1801 579 1834 et
616 1798 795 1835 Diodorus
832 1800 877 1835 ob
902 1808 985 1835 eam
1016 1808 1168 1835 causam
1192 1800 1283 1835 haec
1308 1799 1450 1843 omnia,
1478 1809 1572 1844 quae

268 1867 449 1904 Hercules
486 1866 524 1902 in
563 1866 714 1902 Troiade
753 1866 858 1912 fecit,
896 1867 942 1902 de
966 1867 1194 1912 Argonautis
1218 1866 1363 1903 fabulae
1388 1867 1570 1904 adiunxit.

317 1935 549 1979 Quamquam
575 1934 675 1978 turpi
700 1933 959 1971 Laomedontis
978 1935 1106 1970 fraude
1127 1935 1301 1971 Troianos
1322 1944 1444 1971 mores
1456 1935 1571 1979 pessi-

269 2012 350 2039 mos
374 2001 632 2047 cognoscimus
658 2000 761 2048 (nam
785 2002 904 2038 noluit
928 2012 1042 2047 equos
1066 2003 1268 2048 promissos
1280 2003 1377 2039 filiae
1390 2002 1572 2039 servatori

313 2109 345 2147 1)
358 2108 402 2140 Cf.
410 2108 537 2140 Stender
548 2117 618 2148 pag.
631 2107 685 2143 30,
698 2107 752 2148 qui
764 2107 849 2139 docet
861 2108 1026 2140 secundum
1033 2107 1214 2148 Dionysium
1224 2107 1437 2148 Mytilinaeum
1448 2116 1574 2148 magnos

268 2153 347 2184 Deos
379 2153 588 2184 Samothraces
611 2152 708 2184 solere
730 2151 879 2183 auxilium
902 2152 1009 2184 afferre
1029 2152 1133 2184 nautis
1154 2151 1249 2183 maris
1270 2153 1301 2183 et
1321 2151 1521 2191 procellarum
1542 2152 1574 2184 vi

268 2198 359 2236 atque
380 2196 524 2235 periculis
545 2196 678 2232 obrutis;
703 2195 810 2226 deinde
832 2195 1005 2234 suspicatur
1025 2195 1096 2236 (31)
1120 2195 1169 2234 (Ο.
1192 2195 1304 2226 Miiller
1316 2195 1453 2226 Orchom.
1465 2204 1496 2235 p.
1509 2195 1572 2228 265

268 2241 299 2270 et
319 2248 349 2279 p.
372 2239 437 2270 450
461 2249 512 2280 qq.
535 2239 658 2278 collato)
683 2238 825 2270 Iasonem
848 2237 976 2270 eundem
998 2238 1097 2270 Deum
1118 2238 1167 2270 vel
1190 2238 1269 2271 idem
1281 2247 1394 2270 numen
1405 2246 1470 2271 esse
1481 2240 1573 2280 atque

265 2282 412 2316 Cadmum
434 2284 466 2316 in
478 2283 630 2325 mysteriis
642 2282 858 2316 Samothraciis
869 2283 986 2315 cultum
995 2307 1003 2322 ‚
1023 2282 1126 2315 nautis
1136 2282 1327 2324 potissimum
1338 2285 1572 2317 succurrentem.

311 2342 346 2384 2)
368 2343 456 2374 Diod.
482 2343 499 2374 1
525 2343 598 2374 :42
623 2355 630 2374 :
655 2342 674 2373 2
698 2352 764 2382 seq.
