1874 2826
939 297 1008 333 114

321 403 480 448 Iasonis,
514 406 559 440 ut
579 404 771 440 levitatem
797 403 1003 447 exprobret.
1040 402 1099 438 Ad
1123 411 1217 446 quae
1241 402 1349 438 Iason
1375 403 1622 440 misericordia

321 475 361 509 et
385 482 511 510 amore
535 474 723 519 permotus
746 480 829 508 eam
851 471 1030 515 hortatur,
1052 472 1097 508 ut
1117 479 1245 507 secum
1258 471 1296 508 in
1310 470 1504 508 Graeciam
1515 472 1626 510 abeat
1669 515 1671 517 ,
1716 510 1719 512 .

321 542 385 578 ubi
422 542 573 578 domum
609 541 765 576 ductura
802 540 854 576 sit
890 549 993 584 eam,
1031 548 1155 575 amore
1188 539 1355 576 omnium
1379 541 1420 576 et
1443 536 1625 584 dignitate

319 609 483 646 felicem:
497 610 580 644 tum
588 608 664 644 fore
678 609 722 643 ut
733 607 824 643 nihil
837 607 910 643 nisi
923 615 1024 643 mors
1037 606 1152 643 amori
1166 607 1324 643 obsistat
1337 599 1635 654 (1076—113O)‚'v

371 678 496 714 Medea
527 675 679 723 (nempe
704 676 857 712 Iunonis
882 678 964 711 erat
989 675 1163 712 voluntas
1188 678 1232 712 ut
1256 675 1295 711 in
1320 674 1512 712 Graeciam
1537 684 1623 711 cum
1644 671 1646 673 ’

319 746 450 783 Iasone
469 742 789 791 proficisceretur),
816 752 903 780 mox
928 752 1001 779 non
1027 746 1228 789 negatura,
1255 743 1340 780 silet
1365 745 1490 779 tamen
1503 751 1622 787 neque

321 814 539 860 respondere
560 814 673 851 audet
694 813 834 851 reditus
846 813 1060 856 immemor,
1087 822 1311 859 quamquam
1324 811 1459 860 (neque
1471 811 1625 849 ancillas

320 881 537 928 Apollonius
562 882 735 918 veritatis
761 882 883 917 studio
907 890 980 917 non
1005 881 1285 926 commemorat)
1315 882 1407 917 1137
1434 890 1533 924 seq.:

542 949 602 991 ἤδη
627 948 851 993 δὀὶμφίπολοι
878 948 939 991 μὲν
966 946 1182 984 ὀπιπεύουσαι
1209 946 1347 984 ἄπωθεν

543 1023 622 1061 σιγῇ
647 1017 849 1059 ἀνιάζεσκον·
876 1017 1004 1051 ἐδεύετο
1031 1017 1191 1058 δ’ἤματος
1217 1017 1296 1060 ὥρη,

542 1083 596 1128 ἂψ
623 1081 740 1120 olna-133
768 1082 903 1120 νέεσθαι
930 1083 982 1124 ἔην
1006 1083 1099 1127 μέτα
1124 1083 1255 1129 μητέρα
1280 1083 1400 1130 κούρην.

370 1153 479 1189 Iason
499 1156 629 1189 autem
650 1156 786 1189 cautus
799 1153 964 1189 Medeam
976 1155 1120 1198 monet,
1135 1157 1285 1199 tempus
1298 1164 1382 1191 esse
1394 1154 1623 1199 discedendi,

320 1220 451 1257 deinde
488 1221 535 1257 ad
572 1221 689 1258 socios
726 1223 765 1257 et
799 1230 933 1257 navem
965 1221 1086 1257 laetus
1110 1221 1266 1258 festinat
1291 1223 1408 1261 redire
1433 1226 1472 1261 et
1496 1224 1624 1262 Medea

320 1289 367 1326 ad
391 1290 559 1336 ancillas,
593 1300 712 1335 neque
736 1291 840 1336 virgo
863 1291 907 1327 in'
924 1291 1144 1335 cogitatione
1165 1292 1286 1328 defixa
1307 1294 1625 1337 animadverterat

319 1365 384 1393 eas
407 1366 540 1394 omnes
564 1368 639 1394 una
662 1358 891 1394 advolantes.

492 1426 592 1470 ψυχὴ
616 1425 683 1470 γαρ
708 1425 863 1470 νεφέεσσι
889 1426 1095 1470 μεταχρονίη
1120 1429 1309 1469 πεπότητο,

492 1492 699 1535 αὐτομάτοις
724 1493 760 1528 δὲ
786 1492 924 1528 πόδεσσι
950 1492 1031 1534 θοῆς
1057 1494 1245 1536 ἐπεβήσατ’
1273 1497 1418 1538 ἀπήνης,
1501 1536 1503 1539 v

492 1560 551 1596 nal
574 1562 601 1605 ῥ’
629 1560 720 1604 ἑτέρη
746 1560 810 1603 μὲν
835 1560 924 1605 χειρὶ
950 1560 1035 1604 λάβ’
1062 1562 1153 1603 ἡνία,
1179 1568 1220 1607 τῇ
1246 1563 1318 1608 δ’ὃιρ
1345 1565 1517 1608 ἱμάσθλην

491 1627 691 1668 δαιδαλέην,
718 1629 831 1672 οὐρῆας
857 1629 1049 1671 ἐλαυνέμεν·
1076 1630 1114 1664 οἳ
1140 1629 1178 1665 δὲ
1203 1630 1300 1666 πόλιν
1324 1631 1361 1667 δὲ

492 1696 587 1732 θῦνον
612 1696 820 1740 ἐπειγόμενοι
846 1710 922 1732 ποτι
949 1697 1113 1740 δώματα,
1140 1698 1198 1739 τὴν
1223 1697 1297 1743 δίἲιρ
1323 1699 1432 1736 ἰοῦσαν

493 1766 666 1806 Χαλκιόπη
692 1778 766 1810 περι
793 1766 908 1801 παισὶν
933 1766 1129 1810 ἀκηχεμένη
1155 1766 1298 1810 ἐρέεινεν.

492 1832 510 1874 ἣ
536 1833 573 1868 δὲ
602 1834 871 1878 παλιντροπίῃσιν
895 1835 1094 1878 ἀμήχανος,
1120 1834 1194 1870 οὔτέ
1220 1848 1253 1870 τι
1279 1835 1394 1878 μύθων

491 1900 624 1941 ἔκλυεν,
651 1901 716 1936 οὔτ’
742 1902 884 1943 αὐδῆσαι
911 1902 1101 1947 Ιἀνειρομένη
1127 1901 1271 1945 λελίητο.

491 1967 543 2013 ἷζε
568 1969 658 2005 δ’ἔπι
684 1968 866 2015 χθαμαλῷ
891 1970 1027 2014 σφέλαϊ
1048 1976 1214 2015 κλιντῆρος
1241 1971 1369 2016 ἔνερθεν

490 2038 609 2083 λέχρις
635 2038 829 2083 ἐρεισαμένη
851 2044 931 2084 λαιῇ
957 2039 1014 2074 ἐπι
1039 2038 1129 2083 χειρὶ
1154 2040 1300 2084 παρειήν·

489 2106 576 2151 ὑγρὰ
601 2106 679 2141 δ’ἐνι
705 2106 891 2151 βλεφάροις
917 2106 999 2151 ἔχεν
1022 2106 1188 2150 ὄμματα,
1215 2108 1424 2153 πορφύρουσα

488 2172 550 2210 οἷον
576 2175 612 2220 ἑῇ
638 2174 736 2209 κακὸν
761 2173 852 2218 ἔργον
877 2174 1100 2217 ἐπιξυνώσατο
1126 2174 1242 2220 βουλῇ.

366 2244 597 2290 Quamquam
618 2243 783 2280 criminis
797 2244 834 2279 in
848 2247 1038 2288 parentem
1053 2245 1122 2280 sibi
1135 2245 1277 2281 conscia
1290 2248 1367 2292 est,
1382 2248 1619 2292 magnanima

319 2312 421 2358 virgo
446 2312 567 2349 Iasoni
593 2313 753 2349 salutem
779 2312 933 2348 allatura
955 2314 1014 2348 est
1029 2312 1279 2349 1130—1162.
1305 2314 1386 2351 Hoc
1399 2314 1615 2360 colloquium

318 2381 465 2418 excellit
505 2382 666 2418 veritate
712 2390 785 2424 qua
830 2381 1012 2432 narravit⁸
1040 2380 1255 2425 Apollonius
1291 2382 1457 2419 Medeam
1494 2384 1613 2429 primo
