1874 2826
848 277 872 312 9

210 380 400 418 Euxinum
437 383 520 419 tum
555 383 726 427 ignotum
763 385 802 419 et
839 383 1084 428 periculosum
1122 383 1168 419 de
1206 382 1510 427 Argonautarum

210 447 343 485 itinere
376 451 624 487 narrationem
653 450 747 486 satis
784 460 956 487 arcanam
993 453 1033 487 et
1057 451 1239 487 occultam
1263 449 1442 485 reddebat
1464 452 1510 486 ut

212 516 388 554 miracula
422 521 462 555 et
494 521 663 555 monstra
686 518 770 554 addi
794 521 946 564 possent
970 521 1010 556 et
1034 528 1167 555 corona
1191 518 1351 554 intentis
1375 517 1511 554 animis

211 594 339 621 aurem
362 587 415 622 rei
441 596 557 623 novae
583 589 624 623 et
647 586 835 623 inauditae
854 588 1055 630 praeberet.
1069 586 1160 622 Post
1170 588 1301 622 autem
1312 585 1510 621 Homerica

210 654 378 699 tempora
402 663 488 691 cum
508 663 610 691 mare
630 654 818 690 Euxinum
838 654 958 699 magis
969 655 1142 700 peterent
1153 653 1283 691 Graeci
1296 652 1509 698 multasque

210 721 368 757 colonias
401 725 457 763 (ut
481 722 640 767 Sinopen
667 731 764 757 anno
791 723 874 764 740)
899 722 1138 766 deducerent,
1164 722 1373 766 regionem,
1396 730 1511 765 quam

210 788 446 833 Argonautae
470 789 684 826 dicebantur
704 789 855 834 adiisse,
869 789 999 826 eadem
1011 790 1154 826 ratione
1167 789 1310 835 longius
1322 791 1509 830 remotum

210 856 355 893 itineris
379 858 581 894 terminum
605 858 722 895 fuisse
749 857 786 905 1)
811 858 1019 902 finxerunt,
1044 867 1164 902 neque
1189 858 1343 894 rediisse
1372 859 1508 893 nautas

210 933 274 969 per
309 924 421 961 Asiae
455 925 608 962 flumina
645 928 684 962 et
717 926 887 971 regiones
925 926 991 962 sed
1023 935 1089 971 per
1121 926 1365 971 inhospitales
1387 928 1507 961 terras

210 993 534 1039 septentrionales,
561 996 604 1029 ut
625 994 842 1038 Timagetus
861 997 1027 1030 narravit
1039 995 1111 1030 iter
1124 994 1259 1029 fecisse
1271 994 1510 1037 Argonautas

211 1069 274 1104 per
299 1059 474 1096 Celticam
499 1064 539 1097 et
564 1071 666 1097 mare
679 1061 911 1107 Tyrrhenum
922 1060 1053 1108 (Sobel.
1070 1060 1232 1107 4:259),
1258 1070 1370 1105 quem
1384 1060 1506 1096 Tima-

212 1129 342 1172 getum
354 1128 569 1172 Apollonius
582 1139 717 1174 magna
730 1131 835 1174 parte
848 1132 1000 1166 secutus
1012 1131 1084 1171 est,
1096 1129 1192 1174 quod
1206 1129 1347 1164 attinet
1359 1129 1511 1164 tantum

211 1194 257 1230 ad
281 1194 451 1232 reditum.
478 1196 721 1233 Mimnermus
745 1197 784 1233 in
797 1197 924 1242 elegiis
936 1207 1029 1242 quas
1037 1196 1208 1233 Nannoni
1223 1196 1381 1236 dicavit,
1394 1197 1508 1240 Argo-

211 1265 409 1299 nautarum
454 1264 525 1300 iter
571 1265 720 1309 quidem
765 1265 1089 1310 commemoravit,
1135 1273 1256 1308 neque
1301 1263 1512 1315 Colchidern

211 1331 417 1368 nominavit
463 1331 511 1378 2).
553 1331 732 1369 Pindarus
773 1335 902 1369 autem
938 1333 1081 1378 primus
1117 1332 1311 1368 materiem
1349 1331 1510 1375 undique

211 1399 415 1444 dispersam
439 1403 478 1436 et
493 1401 746 1437 fluctuantem
767 1402 806 1438 in
823 1411 959 1438 novam
979 1401 1139 1437 formam
1160 1400 1251 1437 oden
1267 1400 1442 1445 Pythiam
1454 1399 1509 1435 IV

211 1467 371 1512 redegit,
397 1468 460 1513 qui
485 1469 703 1511 etiamtum,
730 1471 775 1506 ut
793 1454 997 1512 Hesiodus,
1022 1470 1262 1514 Argonautas
1290 1478 1354 1513 per
1377 1469 1511 1505 Asiam

211 1536 250 1570 et
275 1544 377 1571 mare
402 1536 651 1580 Erythraeum
684 1537 837 1573 rediisse
862 1540 1008 1583 narrat,
1035 1538 1147 1581 inque
1171 1546 1214 1572 eo
1235 1536 1355 1572 reditu
1379 1536 1510 1572 Lemni

211 1605 374 1639 moratos
406 1612 498 1640 esse.
525 1603 699 1640 Eumelus
724 1603 936 1640 Corinthius
955 1605 994 1641 in
1008 1603 1154 1649 Κορινθίᾳ
1167 1605 1353 1648 συγγραφῇ
1366 1604 1511 1649 primus

211 1670 417 1707 Colchidem
441 1672 584 1708 itineris
609 1672 809 1708 terminum
833 1673 949 1708 fuisse
975 1673 1123 1709 statuit.

260 1738 400 1783 Tragici
456 1748 599 1783 quoque
649 1740 814 1775 diversas
863 1740 1008 1775 fabulae
1059 1743 1186 1784 partes
1231 1742 1509 1776 tractaverunt:

210 1806 422 1851 Aeschylus
445 1807 484 1842 in
505 1806 669 1842 dramate
681 1806 840 1851 satyrico
852 1806 963 1850 Ἀργὼ
976 1805 994 1846 ἢ
1007 1805 1202 1840 κωπευσταί
1214 1806 1333 1851 (Dind.
1348 1817 1384 1852 p.
1402 1807 1509 1854 101);

211 1875 437 1922 Hypsipyle,
463 1876 623 1922 Phineo,
652 1874 812 1921 Cabiris‚
839 1875 1020 1921 Lemniis,
1042 1876 1146 1912 Circe
1156 1875 1303 1923 (drama
1316 1879 1388 1912 sat.
1402 1876 1508 1912 Dind.

211 1954 246 1989 p.
264 1943 346 1990 107)
353 1957 364 1987 ς
391 1944 586 1990 Sophocles
598 1944 636 1980 in
650 1944 829 1989 Lemniis,
843 1944 1088 1990 Colchidibus,
1103 1944 1309 1981 Rizotomis
1318 1973 1327 1988 ,
1342 1938 1508 1990 ScythiS,

211 2012 356 2057 Amyco
395 2012 533 2059 (Dram.
572 2016 643 2049 sat.
677 2013 783 2049 Dind.
823 2023 857 2057 p.
899 2012 998 2057 125);
1036 2012 1227 2057 Euripides
1270 2014 1310 2048 in
1353 2013 1507 2055 Phrixo,

256 2123 288 2162 1)
320 2124 365 2156 Cf.
397 2124 433 2157 de
455 2124 596 2166 analogia
617 2125 697 2157 inter
719 2124 967 2166 Argonautarum
988 2124 1046 2156 iter
1070 2124 1183 2157 sensim
1205 2124 1414 2165 paulatimque
1435 2125 1514 2157 dila·

207 2183 307 2213 tatum
337 2184 368 2214 et
397 2183 477 2215 inter
508 2183 629 2215 Aeneae
652 2184 751 2224 magis
772 2184 930 2224 magisque
951 2182 1168 2223 progredientis
1190 2191 1304 2214 errores
1326 2184 1358 2214 et
1379 2183 1514 2215 variam

207 2239 367 2271 stationes:
402 2241 557 2273 nouvelles
586 2241 783 2281 promenades
815 2241 1069 2282 archeologiques.
1103 2240 1219 2272 Horace
1252 2242 1282 2272 et
1304 2240 1431 2281 Virgile.
1453 2251 1511 2283 par

208 2298 322 2330 Gaston
343 2298 478 2330 Boissier
499 2299 599 2330 Paris.
624 2299 719 2331 1890.

254 2355 287 2396 2)
309 2355 412 2396 Bergk
435 2356 545 2396 fragm.
571 2357 622 2388 11.
